2596 4710
139 310 227 361 exn
341 282 345 313 ³
472 264 816 399 annnorum.

196 472 254 551 est
278 475 436 551 Rollini
462 471 690 549 institutum
720 468 930 546 breviandi
959 472 1143 548 rhetoris.

197 609 365 688 Editurn
412 606 493 685 fuit
514 618 517 623 ’
540 605 825 708 compendium
872 607 951 685 hoc
991 604 1145 685 Parifiis

203 756 323 839 1715.
366 766 428 818 12.
500 742 757 820 Monendum
787 740 969 830 videtur,
1014 744 1145 818 Rolli-

121 905 123 910 ·
198 898 301 955 num
327 880 481 955 nullam
512 874 688 952 habuiffe
719 900 856 952 curam
882 874 1143 955 Gibsonianae

195 1013 263 1091 vel
284 1013 547 1088 Obrechtinae
571 1011 807 1087 editionum.

139 1212 334 1313 Lugduni
359 1215 400 1285 B.
423 1210 552 1303 '1720.
590 1221 628 1309 4.
688 1210 907 1287 Burmanni
931 1209 1055 1287 editio
1081 1214 1142 1305 ju·

195 1346 293 1423 stam
315 1344 435 1419 habet
459 1345 505 1419 in
528 1342 692 1445 fingulis'
725 1346 823 1421 locis
851 1344 1049 1423 Codicum
1080 1370 1141 1419 re·

162 1478 439 1567 ·cenfionem,
485 1506 587 1578 quos
618 1477 880 1579 repraesentat
906 1505 1074 1568 novem,
1113 1475 1143 1553 fi

195 1610 566 1713 Argentoratensem
591 1615 873 1715 complecteris.
924 1612 1036 1687 Bodl.
1061 1613 1141 1687 Bal.

195 1754 330 1826 Ioann.
351 1748 452 1825 Alm.
478 1743 581 1824 Vols.
607 1774 640 1821 1.
661 1771 696 1823 2.
714 1769 749 1836 3.
780 1752 893 1824 Bern.
917 1752 1007 1847 Arg.
1029 1773 1141 1848 prae·

194 1899 256 1958 ter
285 1880 478 1982 quosdam
511 1908 601 1959 raro
633 1885 789 1973 citatos,
845 1901 894 1959 ut
909 1884 1142 1959 ‘Poullainii

194 2036 235 2095 et
253 2019 558 2115 Colbertinum
601 2016 665 2093 Ad
679 2017 796 2094 hosce
812 2022 937 2120 igitur
948 2022 1139 2095 Burman·

180 2157 334 2231 nianos
356 2178 449 2227 cum
472 2153 657 2227 accedant
680 2168 721 2228 et
744 2154 950 2243 Vallensrs,
976 2153 1136 2231 aBadio

192 2288 423 2387 usurpatus,
459 2303 499 2361 et
520 2302 599 2363 tres
621 2290 720 2389 mei,
755 2287 922 2365 efficitur
946 2316 1139 2366 numerus

192 2421 386 2496 tredecim
400 2421 610 2511 Codicum,
630 2448 805 2521 quorum
820 2428 1051 2501 auctoritate
1071 2424 1139 2502 ad·

191 2555 274 2634 huc
299 2558 444 2635 nititur
465 2573 593 2634 textus
615 2560 923 2665 Quintilianeus.

133 2756 298 2835 Paxifiis.
341 2779 461 2856 1725.
498 2764 538 2836 F.
599 2765 945 2864 Capperonnerius
974 2780 1138 2863 quantas

191 2914 339 2994 poenas
362 2894 519 2970 dederit
538 2901 789 2989 Burmanno,
826 2896 907 2974 ase
931 2896 1019 2975 satis
1042 2924 1136 3001 pro·

189 3043 301 3104 terve
324 3028 499 3121 laceffito,
527 3035 645 3108 etiam
667 3036 712 3109 in
737 3035 884 3135 vulgus
905 3050 1050 3111 notum
1069 3032 1133 3108 est.

105 3156 108 3161 ’
189 3162 387 3239 Verissima
413 3164 468 3240 est
495 3165 684 3244 sententia
705 3166 859 3245 Ernesti
885 3170 981 3245 bibl.
1008 3170 1072 3245 lat
1097 3192 1135 3260 a,

192 3319 290 3395 275,
320 3304 366 3375 in
387 3304 520 3376 critica
540 3305 694 3401 ratione
715 3308 945 3380 Burmanno
968 3302 1135 3382 inferio·

184 3458 271 3508 rem
293 3434 413 3537 longe
427 3440 798 3539 Capperormerium
821 3440 1045 3534 judicantis,
1074 3466 1136 3515 oe·

127 3652 130 3657 .
186 3582 322 3644 terum
352 3576 435 3664 ejus
468 3572 512 3647 in
541 3576 815 3679 Quintiliano,
862 3577 907 3649 in
940 3576 1133 3677 primise

186 3704 343 3779 Graecis
375 3705 620 3783 Rhetoribus
657 3707 913 3798 illustrando,
971 3735 1133 3811 operam
1152 3752 1163 3777 ‚-

183 3858 270 3910 non
295 3840 626 3915 contemnendam
644 3839 718 3916 elie
734 3841 945 3921 statuentis.
1004 3845 1133 3952 Quid·

181 3970 285 4070 quid
310 3974 419 4048 enim
432 4062 435 4067 ·
448 3975 651 4052 maledicit
678 3991 719 4051 et
747 3977 852 4054 ridet
881 3982 926 4055 in
956 3980 1132 4083 Epistola
