2750 4800
267 385 270 406 ,
378 375 383 397 ,
418 289 759 392 tarasiam.
985 339 1091 390 mn

149 508 201 586 ad
225 504 365 586 Claud.
394 507 764 610 Capperonnerium
789 503 929 608 scripta
956 489 1027 608 (L.
1051 511 1092 582 B.
1230 495 1233 508 '

149 649 272 739 1726.
307 639 377 742 4.)
413 643 683 732 Burmannus,
730 642 946 720 rhetorices
973 639 1094 718 artifi-

96 843 99 856 .
149 779 260 856 cialis
291 777 478 864 notitia,·
510 779 636 876 qualis
654 786 746 853 *erat
775 773 955 880 profecto
983 775 1096 852 haud

149 909 359 1013 exigusin
382 911 725 1010 Capperonnerio,
752 904 957 988 necessaria
977 915 1096 1014 plane

145 1045 203 1124 est
238 1045 287 1120 ad
316 1043 662 1146 interpretandum
690 1047 880 1136 Fabium,
926 1049 1011 1122 imo
1045 1047 1096 1122 ad
1210 1045 1213 1054 '

149 1182 324 1286 pretium
337 1181 581 1256 variantibus
600 1177 804 1280 scripturis
818 1179 1094 1281 affignandum.

148 1321 261 1394 Hanc
285 1338 385 1392 vero
410 1313 509 1390 dum
528 1311 693 1389 infrare
716 1312 880 1416 politam
905 1305 1098 1392 eadstitnat

149 1453 419 1539 Burmannus,
457 1447 689 1549 scriptorem
717 1448 837 1527 suum
864 1449 977 1552 saepe
1010 1478 1096 1527 non

149 1584 206 1662 est
229 1581 429 1691 assecutus,
486 1627 488 1633 ·
513 1589 564 1660 Et
589 1583 769 1686 profecto
795 1585 906 1662 mira·
922 1583 977 1661 est
1006 1573 1117 1664 sam-⁸

150 1721 324 1824 plicitas,
381 1745 519 1798 eanum
547 1718 588 1794 se
619 1747 756 1798 rerum
790 1721 1025 1824 imperitum
1057 1738 1107 1834 et

148 1854 335 1932 securum
366 1853 566 1958 profiteri,
624 1882 721 1955 quas
756 1873 892 1932 tractet
929 1848 1097 1960 scriptor

151 2011 275 2094 quem
296 1991 392 2068 edis.
450 1989 619 2070 Vicilsun
634 1992 979 2098 Capperonnerius
999 2019 1098 2096 pue·

153 2129 284 2218 rilem,
313 2151 364 2202 an
389 2125 519 2246 dicam
540 2127 706 2217 anilem,
734 2130 779 2204 in
803 2097 923 2238 ltacce
943 2131 1098 2236 ῥητορείᾳ

150 2263 372 2358 jactantiam
395 2258 666 2363 praesefert,
703 2260 914 2340 sexcenties
941 2260 1096 2338 easdem
1138 2293 1140 2299 ’

151 2395 433 2496 explicationes
462 2398 666 2498 ingerens,
709 2415 748 2474 et
773 2397 973 2474 stemmata
998 2369 1097 2474 suti-

148 2530 376 2612 liffimartm
398 2534 635 2624 notionum,
671 2561 816 2634 magno
843 2560 936 2633 cum
960 2531 1098 2634 strepi·

151 2683 211 2757 tu,
238 2669 441 2760 evolvens,
468 2669 582 2746 velut
596 2669 645 2743 ad
661 2690 699 2758 3,
730 2677 768 2758 6,
800 2676 865 2754 86.
895 2657 935 2744 et
958 2689 995 2758 5,
1035 2653 1117 2757 io,=
1260 2728 1262 2743 .

155 2821 224 2898 57,
252 2827 375 2901 quem
391 2820 495 2878 recte
511 2803 690 2907 explodit
707 2807 958 2881 Burmannus
976 2802 1095 2904 Epist.

152 2963 193 3040 p.
223 2946 288 3036 54.
352 2939 542 3014 Criticam
570 2943 767 3018 rationem
794 2941 912 3044 plane
939 2941 1098 3040 ignorat

150 3073 274 3164 idem,
301 3071 376 3148 nili
397 3071 519 3171 sicubi
538 3078 679 3151 notitia
701 3102 839 3174 rerum
861 3075 984 3176 adigit
1002 3101 1099 3151 eum

149 3225 191 3286 et
216 3209 325 3310 cogit
343 3207 449 3310 quasi
476 3209 527 3286 ad
547 3209 832 3311 agnoscendam
846 3235 982 3288 veram
1006 3207 1099 3282 scri-

150 3361 331 3448 pturam,
389 3345 503 3445 quod
535 3348 748 3447 aliquoties
777 3347 817 3420 ei
846 3339 1023 3419 accidisse
1053 3345 1098 3418 in

150 3481 258 3558 notis
287 3503 508 3559 monemus.
565 3481 696 3559 Etiam
720 3480 910 3556 orationis
935 3481 1097 3554 Latinae

97 3641 102 3650 ·
152 3613 347 3718 insignem
384 3617 625 3719 plerumque
664 3613 802 3720 prodit
843 3615 1095 3716 imperitiam.

151 3750 247 3828 Duo
273 3767 407 3830 autem
436 3751 530 3830 sunt
561 3775 662 3854 quae
688 3753 902 3853 aegerrime
933 3751 1097 3827 tulerim

155 3884 202 3960 in
229 3885 308 3963 hoc
336 3887 521 3978 homine,
568 3913 700 3966 unnm
727 3887 841 3986 quod
868 3884 1098 3962 Parifienses

156 4019 341 4112 Codices,
389 4049 569 4129 quorum
593 4023 706 4104 aditu
728 4045 981 4128 nequaquam
1003 4041 1097 4124 pro·
