2596 4710
268 360 391 431 mar.
415 322 624 431 aaaron
648 360 739 430 nm.
760 363 807 450 11,
836 381 870 449 3.
996 367 1069 461 ,σς
1140 370 1144 379 ·

58 576 158 642 mo,
186 552 278 652 quia
299 577 420 626 nemo
445 548 494 624 fic
516 551 560 624 in
586 550 803 642 majoribus
828 552 994 641 eminet,
1023 567 1071 629 ut

65 694 165 745 eum
191 648 347 742 minora
372 663 564 740 deficiant.
600 663 674 739 nifi
696 664 799 740 sorte
819 671 957 749 Iovem
979 670 1072 768 qui.

67 783 160 860 dem
184 782 342 857 Phidias
369 783 518 882 optime
541 778 655 869 stcit,
687 782 757 854 illa
784 798 936 872 autem,
966 808 1069 883 quae

10 901 112 986 utin
144 913 421 975 ornamentum
454 898 583 997 operis
614 901 698 989 ejus
729 894 938 987 accedunt,
966 900 1071 975 alius

63 1015 212 1091 melius
233 1008 455 1088 elaborasset
461 1039 473 1101 ;
514 1027 582 1086 aut
608 1026 741 1086 orator
763 1013 880 1112 loqui
904 1010 1069 1104 nesciet3

65 1145 136 1205 aut
153 1129 324 1202 leviores
344 1127 505 1201 morbos
521 1152 655 1202 curare
674 1152 759 1202 non
776 1133 923 1227 poterit
941 1127 1070 1203 medi·

64 1270 136 1320 cus
172 1239 516 1344 praestantissimus.
584 1241 692 1347 Quid
731 1245 851 1343 ergo‘l
888 1268 975 1320 non
1010 1240 1092 1319 esta

64 1357 260 1462 quaedam
277 1357 504 1456 eloquentia
517 1361 663 1449 maior,
694 1383 813 1456 quarn
829 1373 877 1434 ut
898 1383 984 1433 eam
1003 1360 1067 1433 in-

63 1477 226 1550 tellectu
262 1469 451 1571 consequi
492 1473 657 1570 puerilis
693 1469 900 1549 infirmitas
928 1472 1067 1573 poffitt

58 1595 151 1691 -Ego
172 1612 269 1664 vero
288 1583 497 1663 confiteor:
527 1582 595 1661 sed
614 1585 724 1662 hunc
745 1585 934 1664 disertum
954 1613 1067 1688 prae·

65 1720 287 1806 captorem,
315 1702 554 1802 prudentem
577 1728 758 1802 quoque,
786 1718 825 1777 et
848 1728 933 1780 non
955 1705 1068 1804 igna-

63 1846 158 1899 rum
187 1817 378 1905 docendi,
414 1813 487 1890 elle
517 1817 734 1916 oportebit,
769 1815 1068 1894 submittentem

62 1934 106 2013 se
140 1933 190 2009 ad
226 1929 452 2009 mensuram
482 1929 686 2007 discentis:
726 1946 773 2006 ut
805 1933 1068 2010 velociffnnus

64 2053 254 2154 quisque,
282 2045 432 2136 fiforte
453 2048 529 2122 iter
546 2073 639 2121 cum
655 2047 826 2147 parvulo
839 2043 976 2137 faciat,
999 2046 1068 2126 det

62 2191 248 2252 manum,
280 2179 320 2238 et
344 2160 510 2262 gradum
534 2158 652 2236 suum
674 2162 847 2252 annuat,
876 2187 949 2237 nec
973 2188 1069 2263 pro-

64 2281 178 2357 cedat
210 2280 334 2366 ultra‚
363 2303 484 2385 quarn
513 2302 644 2352 comes
673 2275 792 2377 poffit.
862 2276 1000 2382 Quid?
1037 2275 1095 2358 fia

62 2399 303 2500 plerumque
317 2393 477 2480 accidit,
507 2408 552 2468 ut
567 2389 744 2467 faciliora
763 2391 839 2467 srnt
853 2393 904 2468 ad
920 2395 1069 2469 intelli·

17 2604 23 2611 Π
62 2508 243 2613 gendum
259 2524 297 2581 et
313 2507 510 2583 lucidiora
523 2508 675 2596 multo,
700 2533 800 2607 quae
816 2534 835 2580 a
852 2507 1068 2585 doctilbmo

47 2648 230 2726 ‚quoque
258 2621 474 2696 dicuntur?
540 2622 647 2696 Nam
675 2636 714 2695 et
742 2624 869 2723 prima
900 2620 954 2697 est
984 2625 1066 2701 elo*

63 2741 250 2841 quentiae
272 2736 424 2825 virtuS,‘
458 2733 732 2836 perspicuitas,
770 2753 827 2826 et,
864 2763 946 2837 quo
977 2740 1069 2836 quis

61 2854 227 2957 ingenio
252 2853 387 2927 minus
412 2852 537 2941 valet,
565 2851 643 2927 hoc
669 2848 708 2925 se
737 2854 860 2953 magis
889 2854 1068 2930 attollere

124 3091 293 3170 elaboraffet.
338 3095 536 3154 Gnels.‘1'uric.
554 3096 640 3154 Goth.
658 3111 686 3151 et
698 3098 769 3157 Jens.
788 3102 802 3169 (
809 3112 859 3151 tac.
875 3100 976 3167 Gelu.)
991 3099 1066 3155 labo·

60 3176 145 3256 roffae
159 3193 187 3231 et
202 3181 235 3230 lic
248 3180 373 3254 plerique
388 3182 477 3238 Codd.
493 3196 525 3236 ut
539 3197 567 3235 et
581 3181 722 3236 eddvett.
740 3200 830 3255 neque
845 3183 979 3256 exemplis
993 3198 1067 3240 caret

59 3265 126 3325 usus
142 3262 285 3319 laborandi
299 3266 466 3327 transitivus,
482 3281 513 3320 ut
528 3280 572 3327 12,
589 3265 616 3326 6,
633 3279 652 3333 5
669 3266 840 3326 ‚dehortatum
854 3296 893 3309 -·
909 3266 1018 3320 dierum
1035 3284 1067 3324 ιο

59 3346 207 3409 „noenum
221 3345 311 3401 studio
325 3350 491 3404 actionem.“
513 3350 617 3404 Statim
632 3349 720 3404 Theb.
735 3363 771 3418 5,
787 3364 848 3424 279
867 3352 953 3405 Marti
970 3353 1066 3409 Venus

60 3429 96 3484 de
119 3426 245 3488 Vulcano
266 3432 390 3506 „ipsique
412 3435 517 3489 taboret
534 3437 616 3488 Arma
639 3433 720 3486 tibin
761 3434 850 3489 Tacit.
868 3437 962 3489 Gema.
983 3455 1006 3488 c.
1024 3442 1066 3506 45

59 3516 231 3575 ..Frumenta
252 3532 411 3591 ceterosque
431 3518 539 3575 fructur
556 3546 600 3563 -·
616 3516 771 3573 laborante·
815 3518 868 3574 Sed
882 3534 910 3574 et
925 3520 1067 3576 elaborare

59 3600 138 3673 saepe
159 3597 259 3653 noller.

60 3783 105 3840 sus
121 3783 155 3838 ad
169 3784 238 3839 artie
252 3784 421 3847 formulam,
438 3783 544 3865 regulis
586 3783 639 3840 dm
659 3784 834 3863 significetur.
869 3783 912 3862 fic
928 3815 970 3830 --
984 3803 1015 3843 aa
1030 3786 1067 3843 ett

61 3867 194 3923 omuibus
211 3870 349 3932 instructa,
371 3871 484 3932 recellit,
498 3888 545 3923 ne·
586 3888 650 3923 enm
671 3867 762 3925 ironia
792 3870 897 3924 dietum
925 3888 977 3946 pro
1005 3870 1065 3931 hit:

61 3970 117 4026 que
142 3954 296 4028 quidquam
324 3952 407 4009 habet
436 3953 545 4009 obstrui
586 3964 643 4008 tam
659 3952 743 4016 miro,
765 3952 900 4016 inarrrlito,
922 3954 1008 4012 modo
1023 3985 1065 4000 --

59 4051 110 4092 tur
122 4038 231 4091 incerti.
260 4038 319 4093 rid.
334 4054 391 4093 not.
408 4039 479 4095 Crit.
585 4050 686 4093 uacet.

97 4118 140 4199 fic
160 4108 265 4177 eminet.
307 4123 382 4178 Can
399 4120 442 4199 fic·
458 4123 545 4178 inter·
626 4122 715 4200 loqui,
735 4118 814 4197 quod
827 4120 913 4203 longe
927 4121 1068 4180 nrinutclt

58 4207 179 4282 proteris
205 4220 363 4282 tantopore.
384 4208 458 4283 quali
482 4224 543 4288 gra·
585 4224 670 4282 quam
687 4207 804 4265 dicem
