2596 4710
230 317 303 389 aaa
469 296 526 368 n.
550 298 651 368 aaa.
677 290 990 391 outnnnnnr

228 517 315 566 eam
337 487 498 578 docere,·
533 500 622 574 aut,
656 510 733 597 pon
755 484 938 576 dicenda3
977 485 1134 584 itaque,
1169 486 1241 566 vel,

228 632 301 707 per
326 605 406 677 boc
431 627 516 678 non
543 592 616 675 elle
642 617 784 690 artem,
821 599 934 699 quod
957 626 1042 676 non
1067 600 1236 677 dicenda

166 746 169 751 ·
229 716 559 822 praecipiatrvel
580 742 652 816 per
672 717 768 803 hoc,
797 715 928 816 quod,
957 741 1048 791 cum
1067 716 1236 791 dicenda

183 834 492 936 gipraeceperit,
513 833 631 906 etiam
648 833 841 908 contraria
856 831 919 906 his
937 830 1085 907 doceat
1124 838 1235 939 Quae

230 950 367 1025 onmia
384 963 543 1048 apparet
565 946 615 1021 de
632 972 676 1021 ea
693 947 890 1023 rhetorice
905 944 1005 1034 dici,
1034 972 1138 1046 quae
1155 946 1236 1022 fita

229 1066 339 1141 bono
357 1066 447 1139 viro
463 1079 580 1161 atque
594 1063 641 1136 ab
657 1060 738 1161 ipsa
751 1064 900 1136 virtute
916 1059 1111 1154 sejuncta:
1140 1063 1236 1140 alio·

230 1182 305 1279 qui
331 1179 404 1253 ubi
425 1175 569 1269 injusta
596 1174 708 1252 caula
734 1175 807 1265 est,
842 1176 903 1253 ibi
927 1175 1126 1254 rhetorice
1151 1202 1236 1255 non

232 1293 308 1368 est:
338 1293 437 1368 adeo
451 1307 499 1367 ut
510 1294 579 1366 vix
595 1291 817 1367 admirabili
832 1291 1009 1393 quodam
1023 1290 1236 1393 casujpoffit

233 1408 430 1496 accidere,
458 1423 505 1482 ut
532 1433 581 1481 ex
607 1423 776 1506 utraque
797 1422 907 1508 parte
932 1422 1085 1498 orator,
1119 1404 1236 1485 idest

188 1526 301 1615 savir
317 1525 460 1611 bonus,
486 1521 599 1596 dicat.
632 1527 804 1613 Tamen,
831 1526 1023 1622 quoniam
1040 1523 1120 1601 hoc
1134 1548 1236 1625 quo-

231 1664 313 1738 que
330 1640 374 1711 in
392 1661 529 1712 rerum
547 1654 730 1713 naturam
750 1637 871 1726 cadit,
899 1653 946 1713 ut
963 1637 1066 1715 duos
1085 1637 1237 1741 sapien·

232 1768 290 1829 tes
314 1750 527 1851 aliquando
549 1750 672 1847 justae
698 1750 831 1856 causae
859 1754 903 1827 in
928 1750 1133 1831 diversum
1160 1770 1286 1841 tra-nt

226 1867 329 1942 'halat
350 1865 537 1966 (quando
560 1860 677 1941 etiam
698 1883 945 1968 pugnaturos
968 1893 1036 1944 eos
1059 1870 1169 1945 inter
1187 1866 1237 1957 le,

231 1979 261 2057 fi
295 1983 396 2057 ratio
434 1983 489 2056 ita
524 1981 702 2073 duxerit,
741 1981 952 2083 credunt),
987 1982 1236 2085 respondebo

231 2096 463 2201 propoiitis:
504 2114 622 2199 atque
653 2100 710 2174 ita
739 2097 925 2200 quidem,
961 2115 1008 2174 ut
1035 2117 1237 2203 appareat,

294 2351 391 2419 itaque.
437 2345 529 2402 Guelf.
546 2349 583 2401 ita
596 2365 646 2420 per
661 2365 794 2404 errorem.
825 2347 911 2403 Goth.
927 2362 954 2401 et
966 2350 1038 2407 Jent.
1055 2355 1070 2419 (
1078 2364 1126 2404 tac·
1143 2350 1236 2417 oeta.)

228 2435 270 2487 ἔτι
284 2449 348 2484 cum
365 2432 439 2490 Voll.
456 2445 484 2484 2.
501 2445 529 2498 3.
546 2446 575 2484 et
589 2432 651 2484 edd.
660 2447 731 2487 vett.
748 2431 879 2488 omnibus
895 2447 957 2486 arare
976 2434 1085 2507 Grypb.
1128 2435 1234 2490 Verum

229 2529 310 2589 puto.
475 2532 599 2587 apparet.
623 2516 715 2571 Guelf.
732 2516 816 2572 Goth.
828 2519 901 2577 Jenl
917 2522 929 2583 (
938 2533 987 2571 tac.
1002 2519 1098 2586 Geta.)
1114 2518 1191 2580 Vols.
1205 2533 1232 2574 2.

230 2612 259 2655 et
273 2598 336 2654 edd.
353 2613 415 2651 ante
431 2598 540 2672 Grypb.
562 2619 658 2653 omnes
672 2618 818 2674 apparent,
840 2601 919 2654 male.

295 2705 326 2738 ea
346 2684 413 2737 rhet.
458 2682 544 2737 Goth.
560 2683 575 2751 (
583 2699 632 2738 tac.
651 2686 746 2755 Gelu.)
762 2684 822 2760 ipsa
836 2686 920 2744 rhet..
941 2683 1020 2738 male.

291 2772 341 2821 vix
355 2768 515 2823 arlinirabili.
561 2766 653 2823 Guelf.
669 2790 705 2822 ex
722 2771 837 2824 „atrabili
849 2788 912 2823 cum
928 2768 1084 2845 plerisque,
1106 2770 1159 2843 qui
1173 2768 1232 2843 qui·

229 2851 293 2906 dem
310 2867 514 2912 memorantur,
537 2852 625 2908 codd.
641 2853 692 2905 nili
706 2855 782 2925 quod
801 2855 829 2907 in
846 2856 943 2907 ceteris
955 2856 1049 2907 adoria.
1093 2855 1146 2908 Ed.
1160 2856 1230 2914 Jent.

229 2942 244 3005 (
252 2952 302 2989 tac.
320 2938 415 3001 Geso.)
436 2937 525 3009 iplnm
548 2935 608 2998 dat,
631 2937 707 3009 quod
723 2939 815 3011 recepi
829 2958 893 2992 cnm
908 2941 992 2992 Tarv-
1010 2941 1108 2995 Vener.
1125 2955 1232 3012 praeter

227 3024 391 3076 Bur-manno
409 3036 583 3075 memoratae.
627 3022 734 3082 Ceteri.
756 3038 788 3076 nt
808 3038 835 3077 et
859 3024 938 3077 Geso.
960 3026 1008 3076 vix
1029 3043 1065 3076 ex
1079 3024 1169 3084 adm„
1187 3023 1231 3077 hie

229 3121 322 3159 tamen
338 3105 468 3158 uncinato
484 3127 529 3165 ex,
543 3121 570 3159 et
584 3106 744 3180 improbans
759 3107 878 3160 innota.
921 3110 1009 3160 Error
1025 3106 1061 3159 est
1074 3106 1231 3163 manifesto·

229 3205 257 3243 et
273 3190 414 3264 proclivis
439 3189 529 3245 codd.
577 3192 763 3268 Jnngentium
784 3207 877 3244 antem
900 3207 1046 3262 utramque
1069 3192 1231 3265 [cripturam

228 3274 383 3327 editionum
409 3276 480 3327 ratio
501 3293 558 3327 non
582 3275 702 3328 ferenda.
744 3279 817 3349 Quas
839 3276 929 3334 enirn,
949 3290 981 3328 ut
998 3272 1231 3347 reliquatricem,

228 3377 307 3411 aures
327 3378 385 3411 non
408 3358 499 3414 radat:
528 3362 576 3413 vix
598 3363 659 3412 ex?
831 3358 990 3435 'propofitin
1035 3358 1130 3415 Guelt
1154 3381 1232 3439 prees

225 3442 328 3519 postris.

268 3640 434 3714 quando-
456 3640 575 3697 credant.
619 3642 708 3718 Coge·
748 3642 908 3696 sententiam
959 3641 1053 3697 locum
1102 3660 1230 3699 verenam

225 3719 327 3775 beiitnr
354 3723 409 3777 hoc
437 3724 583 3778 defendere
611 3726 706 3786 Stoici,
748 3746 823 3780 nunc
837 3726 950 3801 quidem
966 3746 1022 3780 non
1038 3729 1165 3783 invenio.
1187 3730 1230 3785 De

225 3809 357 3876 qnoniam
373 3808 572 3880 rempublicam
588 3810 705 3867 adnrini·
747 3812 847 3865 Stoicis
877 3827 968 3865 autern
998 3816 1121 3867 maxime
1151 3811 1230 3887 loqui

225 3889 307 3944 strare
335 3891 461 3962 lalricntis
484 3893 535 3947 elle
560 3894 706 3947 contende·
747 3900 818 3967 Qn..
840 3896 890 3968 qui
904 3895 958 3949 hoc
976 3896 1106 3958 credant,
1126 3897 1173 3952 vel
1189 3899 1230 3951 in·

225 3970 307 4031 bant‚
328 3993 416 4045 neque
440 3991 530 4030 tamen
555 3980 603 4031 nni
621 3979 704 4031 alicui
746 3981 779 4031 ale
801 3981 831 4032 fit
855 3979 1012 4053 probabile,
1035 3981 1112 4053 qnod
1137 3983 1158 4035 ii
1182 4000 1230 4056 po·

223 4057 332 4110 civitati
349 4058 397 4111 soli
415 4061 562 4133 sapientem
582 4062 704 4116 tribuere
746 4059 878 4117 tillininm
903 4066 1030 4139 sapienda
1051 4066 1173 4146 effigiem
1189 4068 1229 4123 [0-

221 4140 366 4196 audebant.
408 4144 551 4199 Disertnm
580 4148 608 4201 in
633 4145 703 4201 hanc
743 4146 836 4202 lebant
849 4167 1015 4224 proponere.
1141 4140 1145 4145 ¹
