2878 4812
301 375 374 444 590
427 455 430 462 .
538 340 1060 450 nr.ran.-Qumr1n1in1

300 541 577 624 conditionem
598 542 802 641 vitamque
828 537 1013 641 aptanda,
1065 557 1179 638 quae
1198 539 1307 614 dice.

300 663 464 749 bantur,
502 655 678 736 fuerunt.
749 659 811 730 An
834 655 979 734 eodem
1004 652 1130 731 modo
1160 658 1308 754 cogita-

79 751 84 766 ’
177 788 198 816 ⁴·
300 779 372 866 vit,
402 789 470 850 aut
485 771 652 848 eandem
665 768 873 872 personam
886 769 1022 849 induit
1035 771 1191 859 Cicero,
1211 797 1309 848 cum

299 891 484 1002 scriberet
512 887 585 966 Cn.
615 891 828 988 Pompeio,
876 901 1038 964 etcum
1066 891 1114 962 T.
1141 889 1306 988 Ampio,

363 1120 460 1192 induit.
503 1117 596 1174 uuelf.
618 1132 646 1172 et
662 1117 757 1173 Turio.
781 1117 882 1172 inducit
903 1134 969 1172 cum
984 1113 1060 1172 Ana.
1083 1113 1169 1171 Goth.
1191 1129 1220 1170 et
1239 1113 1304 1172 edri.

300 1207 372 1268 Jent
394 1220 423 1258 et
439 1205 523 1260 Tere.
554 1203 659 1282 Regius
675 1202 813 1265 oorrexitr
837 1215 865 1255 et
878 1200 914 1255 est
929 1199 1018 1254 nostra
1034 1200 1066 1252 in
1083 1197 1215 1255 omnibus
1231 1200 1303 1255 meir

185 1355 187 1362 y
301 1292 425 1356 aLooat.
441 1287 513 1348 inde.
537 1288 622 1342 etiam
636 1287 666 1340 in
682 1285 799 1340 vallensi
817 1285 935 1347 Codice,
956 1285 1090 1338 referente
1106 1283 1204 1340 Badio.
1244 1285 1304 1342 Ne.

299 1395 356 1450 qne
377 1389 436 1428 erat
457 1372 534 1446 quod
559 1370 606 1426 vel
628 1363 770 1426 tantillum
791 1369 917 1424 haereret
938 1373 1037 1424 Burrn.
1060 1367 1097 1423 ob
1122 1365 1217 1424 locum
1240 1369 1303 1425 cic.

300 1463 355 1516 Pro
371 1456 448 1516 Coel.
465 1476 487 1512 c.
507 1468 544 1523 ¹5
565 1453 725 1530 ..personam
746 1455 871 1522 induxis·
899 1455 1031 1529 Apposrte
1046 1453 1209 1508 Genntitnt
1223 1451 1253 1515 6,
1274 1469 1303 1514 2.

302 1543 352 1612 56.
393 1540 521 1608 Seritam
537 1539 657 1600 conficit.
678 1537 755 1612 quod
768 1537 909 1614 praeterit.
926 1538 996 1612 perf.
1010 1537 1189 1592 necess'ariurn
1204 1537 1248 1592 est.

363 1626 402 1683 Τ.
424 1626 532 1698 Ampio.
574 1625 620 1680 Sir
636 1623 709 1684 Voss.
727 1637 754 1690 3.
771 1638 799 1676 et
813 1626 896 1678 Bern.
912 1624 961 1676 nist
976 1622 1053 1696 qnod
1068 1620 1116 1676 ille
1127 1623 1244 1696 Tampio
1257 1619 1306 1676 titt

300 1711 460 1766 continuata
473 1709 614 1784 scripture.
634 1721 662 1762 et
671 1707 717 1763 hie
730 1709 816 1764 etiam
830 1707 992 1784 corruptius
1004 1723 1062 1764 tam
1071 1710 1127 1781 pio.
1168 1707 1306 1762 Proxime
1408 1723 1409 1740 ¹

298 1907 429 1966 :Latinis
445 1906 555 1981 scriptae
569 1905 599 1958 in
616 1906 696 1960 usum
711 1904 778 1959 alio·
818 1905 950 1966 reduxit,
972 1921 1006 1961 ut
1022 1905 1055 1960 ab
1069 1901 1155 1961 exilio
1168 1905 1262 1961 redire
1277 1907 1302 1962 ei

298 2013 363 2048 rum
392 1992 543 2045 memorari
565 2007 623 2042 non
650 1987 777 2044 memini.
818 1989 914 2045 liceret
935 1989 977 2062 (l.
996 1997 1049 2060 a).
1093 1991 1190 2045 Potuit
1211 1991 1300 2070 igitur

298 2081 398 2152 Neque
428 2077 502 2129 enim
524 2074 639 2130 videtur
664 2073 780 2128 inhone-
819 2073 875 2128 hoc
892 2075 1053 2130 benefitium
1074 2073 1122 2129 vel
1145 2075 1299 2150 impetrare.

299 2163 370 2220 stum
386 2161 466 2216 fuisse
481 2159 605 2234 patronis
619 2159 678 2222 uti;
700 2157 779 2232 quod
819 2158 866 2212 vel
886 2173 1030 2234 acceptum
1060 2159 1213 2214 collaudare
1233 2161 1301 2214 Am·
1408 2207 1409 2212 ,

300 2250 374 2303 [ecus
388 2262 446 2300 erat
460 2244 534 2318 apud
547 2246 675 2300 Graecos.
821 2244 886 2317 pius
900 2244 1033 2305 oratione.
1049 2245 1148 2318 scripta
1162 2265 1177 2296 a
1193 2245 1300 2300 [ummo
1408 2299 1409 2308 q

344 2333 392 2386 Cn.
410 2332 540 2400 Pompeio
559 2357 601 2370 --
622 2328 655 2382 T.
670 2327 777 2400 Ampio.
822 2327 932 2381 dicendi
948 2327 1067 2390 artifioe3
1089 2327 1301 2401 qualeasuouo·
1408 2345 1409 2352 ¹

299 2417 361 2488 Qua
377 2415 515 2467 oerafione
529 2411 661 2484 Pompeio
677 2411 779 2466 orttio·
821 2412 896 2466 mine
918 2410 1016 2466 habuit
1038 2412 1136 2470 Cicero
1157 2430 1209 2487 pro
1226 2415 1302 2468 Mer-

298 2515 362 2566 nem
383 2489 621 2568 pronunciandam
642 2495 780 2572 scripserit
820 2495 891 2550 oello
907 2510 934 2550 et
950 2515 1001 2570 pro
1015 2495 1139 2576 Ligario.
1176 2499 1237 2553 Nee
1251 2496 1301 2554 ob·

298 2582 413 2642 Cicero.
440 2591 578 2651 nusquam
600 2576 716 2634 relrtum
738 2580 780 2634 in·
819 2579 882 2641 stat.
913 2581 990 2654 quod
1009 2581 1066 2656 ip'ie
1087 2581 1207 2656 Ampius
1228 2581 1301 2644 „stu-

297 2668 402 2726 venio,
423 2681 512 2736 neque
533 2663 563 2716 id
584 2663 672 2737 ipsum
687 2681 780 2718 nerra·
818 2663 917 2726 „dium
941 2667 1020 2720 suum
1037 2665 1183 2720 eottsumfit
1204 2667 1234 2720 in
1256 2667 1301 2720 vi·

264 2801 270 2810 ,
297 2765 363 2812 tur,
385 2749 550 2822 Pompeium
565 2749 644 2802 uiurn
665 2747 717 2802 effe
732 2750 779 2804 ci·
816 2767 933 2810 ,norum
955 2750 1074 2804 fortium
1094 2749 1173 2804 sactis
1194 2769 1299 2805 memo-

298 2833 406 2890 ceronit
426 2833 528 2906 scripto
556 2831 587 2886 in
612 2830 707 2906 aliquo
730 2851 778 2886 ne·
816 2834 892 2894 „riae
901 2833 1050 2906 prodendis
1058 2845 1086 2902 ;‘⁸
1108 2833 1141 2903 (Ι.
1157 2838 1196 2903 ο.)
1211 2854 1300 2908 quon·
1408 2871 1409 2880 η

298 2920 387 2996 gotio.
445 2919 518 2972 Cum
552 2929 645 2972 autem
678 2917 776 2974 Cicero
817 2918 919 2971 iamin
932 2932 1009 2974 tanto
1026 2919 1074 2973 suo
1096 2933 1222 2994 tempore
1237 2922 1298 2975 sure

298 3006 391 3071 (Brut.
407 3021 430 3056 c.
446 2999 501 3070 68)
516 3002 575 3073 ejus
589 2999 776 3074 eloquentiam
818 3000 993 3074 eloquentiae
1006 3021 1105 3077 parurn
1115 3004 1298 3058 fortaffeeon-

297 3105 354 3142 non
376 3089 511 3164 *magnam
535 3085 776 3164 fuisse-significet.
817 3085 927 3140 fidebat.
970 3089 1135 3162 Quanquam
1157 3107 1209 3142 nec
1227 3087 1298 3143 diffi-

296 3172 390 3248 potuit
410 3173 485 3230 sane,
516 3169 567 3224 ubi
589 3169 695 3243 aliquid
717 3189 777 3249 gra·
817 3185 877 3224 teor
899 3170 984 3249 longe
1006 3170 1056 3225 alia
1079 3173 1216 3227 occasione
1231 3177 1298 3228 Am·

296 3255 362 3311 vius
387 3253 452 3309 effet
480 3251 685 3328 eloquendum.
711 3273 776 3308 con·
815 3255 896 3328 pium
915 3253 1034 3330 potuisse
1057 3257 1101 3310 uti
1117 3255 1296 3312 Ciceroniana

296 3341 394 3419 fugere
413 3338 447 3392 ad
469 3337 589 3414 emirum
606 3340 701 3398 suum.
723 3339 775 3412 qul
815 3339 953 3393 [retrudit.
983 3341 1069 3396 Hune
1081 3353 1154 3395 certe
1168 3341 1228 3402 effe.
1244 3341 1298 3415 qui

296 3425 371 3479 idem
387 3423 452 3478 effer
475 3421 622 3476 hominnm
640 3421 775 3478 disertiffi-
815 3440 831 3476 a
846 3423 1022 3496 Quintiliano
1041 3442 1214 3482 memoretur
1229 3423 1258 3481 lt.
1274 3423 1294 3482 l.

296 3528 369 3566 mua.
398 3509 443 3564 De
457 3508 491 3562 T.
502 3511 604 3582 Ampio
615 3505 702 3567 Balbo
717 3525 774 3562 non
815 3508 877 3562 satit
897 3507 997 3564 videor
1020 3507 1148 3584 probaffe
1178 3511 1207 3564 in
1233 3525 1293 3566 not.

296 3593 386 3671 magia
400 3591 497 3652 habeo,
520 3592 596 3664 quod
612 3611 646 3646 ex
662 3591 774 3647 historia
815 3592 886 3648 Crit.
928 3595 974 3648 De
994 3593 1053 3666 ipsu
1083 3609 1192 3668 praeter
1216 3593 1296 3670 plura

244 3689 246 3692 '
296 3676 408 3732 doeeern
431 3673 595 3730 instructum
616 3678 739 3732 oratione
758 3696 774 3731 e
814 3675 875 3732 loca
893 3675 924 3731 in
944 3675 1075 3750 Epistolit
1097 3679 1131 3732 ad
1151 3681 1219 3735 Die.
1237 3680 1296 3754 pos-

295 3763 339 3816 Μ.
363 3759 468 3824 Tullio.
518 3762 585 3816 Fuit
611 3759 636 3814 ia
663 3763 773 3816 summo
815 3762 877 3818 sunt
897 3760 1004 3816 consuli
1023 3765 1095 3836 Epp.
1112 3765 1170 3820 Cic.
1188 3763 1220 3819 ad
1235 3769 1293 3820 Art.
1408 3819 1409 3828 q

293 3845 384 3900 studio
403 3865 468 3924 erga
488 3847 670 3922 Pompejum.
689 3845 729 3900 ita
742 3861 775 3902 ut
815 3856 845 3916 8,
871 3864 905 3898 rr
930 3847 959 3900 in
974 3866 1017 3921 ep·
1031 3847 1173 3904 Ciceronis
1191 3849 1224 3902 ed
1240 3849 1292 3904 Cn:

295 3929 358 3985 tuba
373 3929 437 3985 oeni
449 3931 535 3985 civilis
554 3929 691 3984 audireta
709 3933 775 3987 Cae-
814 3923 912 4003 Pom'p.
937 3929 1037 4004 Vellej.
1061 3947 1098 3992 2.
1125 3942 1176 4006 40.
1218 3937 1293 3986 Suet.

172 4046 177 4054 ·
294 4014 404 4068 irrienit
424 4011 498 4084 (cie.
515 4013 548 4068 ed
564 4015 633 4069 Div.
651 4013 686 4075 6.
712 4018 772 4088 ια).
813 4015 888 4070 Caes.
910 4034 933 4069 ο.
953 4029 1001 4081 77.
1021 4024 1099 4090 (quo
1116 4017 1216 4092 eripio
1232 4016 1294 4072 loeo

292 4100 376 4154 Hune
397 4112 489 4152 tamen
504 4117 552 4173 per
574 4098 722 4154 familiares
740 4102 773 4156 C.
813 4113 927 4172 apparet
942 4119 1006 4156 eum
1029 4098 1117 4156 libros
1133 4102 1297 4177 eonferipiif-

293 4183 413 4241 caesaris
435 4201 502 4238 cum
522 4184 580 4258 ipio
600 4185 632 4238 in
653 4184 772 4262 gratiam
813 4184 858 4254 se)
882 4185 977 4240 caetu·
998 4183 1033 4238 de
1058 4183 1132 4240 bello
1153 4186 1246 4242 civiti
1265 4199 1293 4254 3,
1408 4215 1409 4274 ζ
