2596 4710
381 344 503 414 msa.
528 294 736 413 oalrou
763 342 853 413 Lus.
868 342 906 429 1,
932 334 967 426 a.
1104 358 1175 435 195

173 528 247 606 sed
262 532 380 605 etiam
394 545 523 632 partes
538 530 669 630 operis
688 530 861 631 elegeris.
891 552 985 607 nam
1000 544 1041 605 et
1058 533 1180 609 Grae·

175 650 216 721 ci
231 649 397 721 licenter
416 648 560 733 rnulta,
589 663 628 719 et
645 648 857 720 Horatium
871 647 916 719 in
936 647 1180 743 quibusdam

126 763 308 845 striolirn
341 761 600 860 interpretari.
689 761 837 865 Elegia
872 785 990 848 vero,
1036 764 1179 861 utique

174 902 281 977 quae
297 893 417 965 amat,
446 890 485 949 et
501 874 838 975 hendecasyllabi,
866 890 905 948 et
922 874 1068 973 quibus
1085 874 1178 952 sunt

174 1007 370 1067 commata
401 992 655 1067 Sotmlcorum
693 993 809 1083 (narn
837 989 888 1064 de
917 990 1096 1068 Sotadeis
1123 1016 1179 1075 ne

174 1106 504 1209 praecipiendum
532 1106 699 1206 quidem
726 1102 808 1206 est)
834 1122 1113 1199 amoveantur,
1140 1102 1178 1208 tl

242 1319 463 1398 hendecasyllabi
482 1336 511 1376 er
529 1321 631 1396 qrrlrar.
673 1322 714 1375 lta
731 1317 818 1376 Gotlr.
840 1324 854 1389 (
864 1334 915 1374 tae.
938 1320 1018 1376 Gela.
1040 1322 1090 1394 qui
1112 1338 1181 1379 enm

174 1404 383 1463 recentioribus
397 1404 445 1460 dat
458 1402 687 1481 hendecasyllabo
701 1406 809 1480 quibus)
820 1416 849 1459 et
862 1404 937 1463 Voll'.
953 1420 982 1459 α.
1003 1406 1179 1480 Exprimunt

147 1498 151 1503 '
175 1490 233 1547 lsoe
248 1508 361 1550 omues,
382 1505 444 1544 rute
460 1488 587 1564 Grypb„
610 1494 679 1545 vett.¹
695 1490 757 1545 edd.
773 1506 865 1549 meae.
888 1490 939 1543 nili
954 1490 1030 1562 quod
1050 1488 1180 1546 bandua·

171 1572 292 1651 syllaba
316 1573 381 1628 daut
402 1593 454 1649 pro
479 1570 707 1649 hendecasyllabi.
761 1570 854 1628 Habet
873 1574 1070 1635 inoluminum,
1099 1572 1179 1649 quod

174 1658 263 1737 longe
279 1660 451 1731 frequentius
466 1656 539 1731 apud
553 1673 676 1718 veteres.
704 1658 786 1713 etiarn
801 1656 894 1714 Guell.
913 1658 955 1712 led
971 1662 1024 1713 boe
1039 1659 1180 1734 aspiratio·

173 1762 229 1803 sse.
250 1762 321 1816 quae
337 1744 419 1797 etiarn
436 1744 596 1797 aGothauo
611 1742 690 1797 abest.
734 1742 794 1796 Poll
808 1741 878 1797 banc
892 1760 992 1799 vocem
1006 1759 1069 1797 ante
1084 1744 1179 1818 palbras

175 1826 272 1883 Gtrelf.
287 1828 426 1889 inserita.
454 1846 516 1881 eum
534 1827 577 1881 ed.
592 1826 696 1888 Andr..
725 1844 777 1902 pro
792 1827 883 1881 nolito
898 1844 933 1881 rt.
980 1830 1081 1902 Neque
1102 1842 1179 1883 certo

174 1912 373 1967 affirmaverim
388 1913 419 1965 in
432 1910 666 1986 hendecasyllabis
680 1930 774 1965 revers
784 1910 835 1964 elle
851 1928 981 1967 rotumam
991 1911 1176 1987 sotadeorum.

177 1995 303 2053 Malebat
317 1996 401 2050 etiam
414 1996 495 2051 Gelo.
512 2012 539 2049 es
553 1996 712 2069 interponi,
734 1994 811 2069 quod
833 2008 942 2068 poterat
963 1996 994 2048 in
1014 2015 1064 2057 eo,
1092 2013 1178 2069 quem
1233 2007 1238 2019 ¹

176 2078 321 2140 uacabat,
342 2079 445 2137 Codice
461 2078 600 2133 invenire.
769 2094 907 2133 coarmata.
938 2078 1029 2133 Guell.
1047 2098 1179 2135 commota

176 2183 244 2221 essm
258 2163 347 2219 Goth.
362 2164 482 2221 etVirrr.
497 2163 540 2217 ed.
555 2178 658 2237 canora
671 2160 746 2221 volt.
758 2176 785 2229 5.
814 2164 875 2218 Nee
889 2164 992 2218 mirum
1010 2165 1040 2217 in
1053 2182 1123 2219 voce
1137 2166 1179 2217 in·

175 2248 322 2306 [olentiori
338 2249 425 2322 lapsos
440 2247 576 2303 librarios.
618 2248 751 2303 Venetam
768 2261 860 2299 autem
875 2247 939 2301 dare
948 2247 1099 2321 scommata
1112 2247 1180 2304 fallo

175 2329 357 2387 nanatGibl.
374 2333 419 2385 Est
434 2334 464 2385 in
480 2350 510 2385 ea
524 2331 646 2405 exprelle
662 2348 809 2392 commata,
831 2347 861 2384 ut
881 2332 936 2403 jaro
960 2334 1107 2407 scripturae
1127 2332 1180 2394 isti.

175 2417 265 2475 nimis
278 2416 407 2491 probatae
423 2418 510 2473 avv.
526 2418 611 2474 DD.,
632 2432 704 2468 trous
718 2413 892 2487 relinquatur
907 2416 988 2477 testis,
1010 2436 1107 2497 margo
1121 2420 1180 2471 Ste-

175 2500 276 2579 phani.
462 2502 592 2556 Sotadeis.
621 2498 714 2553 Grrelf.
738 2500 867 2554 Sorarlicr's
882 2518 945 2553 cunr
963 2500 1037 2557 Voll‘.
1058 2522 1082 2555 r.
1101 2516 1128 2569 3.
1151 2516 1180 2555 et

176 2582 300 2645 vallensi
310 2583 391 2645 cod..
409 2600 536 2639 narrante
546 2584 641 2643 Badio,
651 2583 727 2657 qood
736 2584 908 2637 l'ortrll'erron
923 2586 1033 2657 prorlru
1047 2584 1181 2663 estnegli·

175 2666 315 2749 gaudum.
359 2670 441 2722 Pollit
454 2670 529 2723 enim
548 2668 640 2721 videri
653 2667 687 2720 de
701 2666 870 2722 carminibus
886 2667 1064 2741 iptisdictura
1075 2670 1180 2723 Sorarlr'·

175 2774 221 2815 ιι,
243 2752 280 2805 de
297 2768 388 2805 metro
395 2754 519 2813 Soeadea.
540 2749 587 2805 vel
596 2754 713 2812 Soterici,
734 2770 799 2805 curu
815 2754 973 2825 pracl'crtim
988 2753 1073 2807 modo
1087 2754 1118 2807 in
1132 2754 1180 2808 So·

175 2836 322 2893 acdeorum
336 2834 412 2890 nulla
428 2840 458 2890 lit
474 2836 563 2891 codd.
573 2836 700 2891 varietas.
735 2840 805 2889 Sunt
816 2851 906 2891 tamen
920 2850 948 2890 et
964 2852 1087 2911 receptae
1101 2836 1180 2891 telles

174 2918 412 2995 [stidocupletes.
429 2921 563 2979 utGotlr.‚
580 2938 669 2993 neque
677 2917 799 2973 multum
809 2921 930 2975 tribuam
944 2920 1010 2977 buia
1017 2920 1180 2977 discrimini.

222 3103 382 3163 praeparat.
407 3084 659 3160 Formaloquearli‚
701 3101 746 3139 tro
759 3083 1003 3159 brachycatalecto.
1045 3090 1180 3147 Jamcum

172 3170 291 3248 qualem
307 3174 382 3245 saepe
403 3171 660 3233 animadvertimus,
700 3169 813 3224 lonicus
828 3183 954 3242 uterque.
980 3186 1035 3224 tam
1047 3192 1060 3225 a
1074 3173 1179 3243 majore

174 3255 309 3313 tribuens
329 3256 391 3330 iplis
407 3254 501 3311 verbis
517 3272 543 3310 et
558 3257 660 3311 lermo-
701 3272 783 3326 quam
810 3254 971 3315 aminare,
1011 3255 1112 3307 constet
1133 3256 1180 3307 lex

173 3340 231 3401 ni.
250 3339 328 3414 quod
344 3342 503 3418 tiguillesnt.
547 3342 582 3394 cl.
599 3354 658 3393 not.
701 3336 873 3411 temporibus
895 3338 942 3393 vel
965 3338 1070 3399 moris.
1091 3338 1180 3412 potest

174 3442 226 3481 ex·
240 3423 275 3478 ad
293 3442 318 3484 ι.
340 3424 369 3485 6,
392 3439 430 3491 23
453 3424 601 3479 comebat.
699 3420 772 3477 illud
788 3422 905 3475 mirifice
924 3423 1042 3485 variari3
1069 3440 1127 3495 quo
1149 3424 1179 3475 iu

221 3523 251 3563 ee
278 3508 373 3584 peribas
400 3539 443 3552 —
476 3508 583 3583 quidem
610 3507 658 3583 eft.
701 3524 801 3583 genere
822 3505 851 3559 irl
872 3521 979 3567 tameo,
1016 3508 1066 3561 nifi
1087 3506 1179 3569 fallor.

173 3591 360 3649 spoleatum
374 3594 594 3651 verluumratio.
611 3595 658 3647 etli
701 3592 738 3645 ell
766 3590 938 3652 cavendum,
979 3610 1016 3644 ne
1044 3590 1178 3645 Sotadeus

173 3694 238 3733 non
262 3694 457 3751 usquequaque
473 3676 602 3750 expedita
623 3677 659 3732 est
700 3675 796 3731 verius
811 3693 933 3747 unquam
948 3674 1051 3731 iocidrt
1065 3676 1181 3731 ialoni·

174 3782 190 3817 a
205 3762 368 3821 vv.1›1).,
390 3762 504 3815 videtur
519 3761 585 3816 baec
600 3761 659 3816 lere
700 3778 764 3813 arm
779 3778 793 3811 r
807 3759 925 3813 minore.
961 3761 1090 3815 Recealet
1102 3761 1181 3815 enim

175 3844 251 3905 effe,
279 3863 314 3899 ex
337 3845 560 3921 Hephaestionis,
586 3846 658 3900 Dio·
700 3842 865 3917 Hephaestio
897 3846 947 3917 (p.
980 3844 1089 3899 Pruwii
1116 3851 1179 3913 57)

174 3926 283 3988 medis.
312 3929 472 3983 Terentiani
487 3945 514 3985 et
528 3932 663 3985 Fortuna·
703 3925 820 3988 bracae,
842 3946 926 4000 quam
940 3928 1010 3982 lerrt
1023 3930 1117 3984 versus
1133 3932 1184 3983 So·

175 4013 251 4069 timi
272 4008 359 4087 (apud
375 4014 549 4081 Putselriurn)
569 4030 662 4068 aueto-
704 4010 799 4066 tadeus
823 4012 851 4065 iu
874 4011 964 4067 tribus
980 4012 1123 4088 prioribus
1142 4031 1183 4066 re·

174 4098 278 4153 rium
311 4098 420 4153 Consta
443 4098 582 4153 sotadeum
606 4117 662 4153 me.
703 4095 851 4174 gionibus.
874 4096 977 4171 pedam
998 4098 1181 4153 varietatem

174 4198 258 4239 trun
273 4182 372 4238 lonico
388 4185 520 4257 amajore
534 4197 661 4239 tetrame-
703 4174 815 4253 essuries
835 4174 969 4256 apagnius}
996 4208 1035 4227 a·
1060 4202 1077 4235 ν
1092 4208 1132 4224 -·
1148 4200 1185 4251 ν,

766 4266 796 4320 Ν
820 4278 836 4317 a
