2596 4710
238 271 308 358 176
472 269 528 337 M.
553 268 661 339 Fan:
678 270 992 361 QUINTILIANI
1094 319 1102 328 .

141 518 148 529 .
208 456 355 542 odiunt
369 460 442 553 p).·
473 470 512 527 et
526 460 699 531 immunis
717 456 846 550 (illud
860 458 979 547 enim,
1001 455 1114 557 quod
1128 461 1236 533 veri·

130 588 135 601 ·
236 589 292 646 tas
307 572 445 669 exigit,
474 568 672 668 sequentis
693 569 862 670 syllabae
880 568 978 651 sono
995 574 1170 663 victum,
1195 602 1234 647 m

207 688 392 787 9gemina
411 686 713 783 commutatur).
772 685 836 758 Est
852 686 969 761 etiam
985 689 1029 763 iu
1047 687 1233 763 dividen-

150 787 153 792 ’
234 801 295 876 dis
312 802 441 884 verbis
458 796 696 888 observatio,
726 801 896 876 mediam
920 803 1071 878 literam
1094 801 1232 879 conso·

232 932 392 993 nantem
410 917 555 1014 priori,
582 941 632 990 an
648 914 828 1014 sequenti
843 914 1013 1016 syllabae
1031 912 1229 1016 adjungas.

234 1025 440 1138 Aruspex¹
463 1033 590 1117 enim,
626 1035 720 1127 quia
750 1057 838 1130 pars
870 1037 952 1125 ejus
985 1029 1180 1130 posterior
1211 1060 1232 1106 a
1290 1093 1292 1096 ,

223 1141 440 1257 spectatula
462 1143 534 1234 est,
552 1139 593 1255 s
604 1147 759 1222 literam
783 1148 917 1229 tertiae
942 1147 1071 1227 dabit:
1103 1141 1231 1251 abste·

289 1362 321 1400 'et
349 1347 469 1400 immanis
495 1343 586 1410 (illud
613 1347 689 1397 enim.
731 1342 776 1395 Sic
802 1357 831 1396 et
859 1343 1082 1421 interprmgando
1111 1359 1139 1397 ct
1168 1346 1231 1402 scri·

233 1427 325 1484 hendo
353 1429 453 1481 videor
480 1427 541 1481 loco
570 1426 736 1482 succurrisse.
779 1426 888 1506 Vulgo,
920 1442 1000 1482 utet
1023 1432 1118 1488 Gesta,
1149 1429 1231 1482 haec:

231 1520 287 1576 „Et
310 1514 451 1571 iuumnis.
474 1510 546 1565 illud
570 1533 588 1565 n
604 1525 673 1564 oet‘·
694 1527 721 1564 et
743 1513 812 1567 imm.
835 1513 935 1584 pendet
958 1512 991 1564 ab
1014 1535 1072 1567 aum
1093 1513 1170 1572 dico.
1192 1533 1233 1566 ra·

232 1600 322 1653 tiones
346 1596 548 1670 parenthesibus
576 1593 760 1651 includuntur
790 1594 925 1667 subjectis.
968 1596 1013 1650 sic
1041 1595 1232 1670 supplemento

232 1668 451 1755 Cappemnnerii
480 1684 507 1732 in
532 1694 596 1734 ante
626 1683 695 1733 imm.
723 1698 781 1733 non
808 1680 976 1758 indigemus.
1027 1678 1108 1753 Quod
1135 1696 1232 1735 autem

230 1772 299 1821 etaim
322 1765 472 1839 posuipro
495 1784 527 1823 n,
560 1763 635 1835 quod
658 1763 693 1815 esi
714 1764 744 1816 in
766 1762 897 1818 omuibus
919 1762 980 1828 edd.
993 1780 1107 1839 'praeter
1129 1784 1232 1829 unam,

229 1870 313 1924 quam
329 1847 443 1924 quidem
459 1847 535 1907 vidi,
556 1850 654 1904 Venet.
674 1857 777 1922 1494„
799 1848 984 1901 concinnitate
1004 1848 1118 1919 jubente
1138 1849 1231 1904 secisse

228 1935 337 1990 videor.
393 1932 519 2007 Abrupta
549 1946 606 1986 erat
633 1932 724 1986 oratio
745 1945 774 1984 et
795 1933 953 2009 oonsragosa
978 1934 1006 1984 iu
1027 1947 1149 2007 recepte,
1178 1933 1231 1987 nbi

228 2041 247 2076 n
273 2018 407 2095 accipitur
440 2017 496 2091 ipsa
527 2014 615 2071 litera.
669 2014 797 2075 Accedit,
827 2016 904 2089 quod
934 2016 1106 2090 Quintiliano
1135 2015 1230 2073 literae

228 2118 331 2158 neutro
352 2121 451 2180 genere
474 2101 598 2174 usurpari
619 2118 676 2154 nou
693 2100 825 2161 memini,
847 2119 1004 2173 quanquam
1022 2102 1079 2156 Cic.
1099 2100 1133 2154 de
1148 2101 1229 2157 Orat.

230 2202 265 2249 ε.
288 2201 327 2261 59
356 2187 430 2241 dixit
459 2189 512 2240 tria
537 2187 579 2244 L,
608 2185 661 2239 duo
679 2186 727 2247 M3
766 2183 843 2257 quod
867 2199 1003 2237 memorat
1024 2183 1178 2239 cledonius
1199 2205 1228 2259 p.

228 2271 337 2327 Putsch.
356 2278 451 2337 ¹88¹·
474 2268 523 2324 ubi
545 2283 572 2321 et
587 2284 718 2323 ueratrum
732 2284 760 2322 et
777 2268 943 2323 femininam
956 2287 1043 2345 getius
1057 2269 1228 2341 frequentari
1261 2284 1267 2299 ’

228 2355 318 2409 docet.
361 2354 493 2423 Denique
505 2357 611 2425 gentina
626 2375 668 2413 m,
687 2371 744 2405 uon
760 2351 840 2406 litem
854 2374 871 2405 n
885 2369 1071 2414 convitiaretur.
1091 2352 1134 2407 sed
1148 2352 1227 2412 istud.

228 2438 301 2514 quod
321 2441 419 2491 veritas
440 2436 488 2503 (h.
505 2456 528 2489 e.
552 2439 688 2507 etymon)
708 2441 796 2510 exigit
820 2436 879 2493 ie.
901 2459 919 2490 u
934 2453 960 2489 et
975 2458 1008 2493 m.
1049 2428 1176 2501 Nottim,
1198 2455 1228 2499 u,

229 2523 340 2579 duobut
363 2521 473 2595 punctis
493 2520 643 2580 inolidum,
665 2522 695 2573 iu
720 2518 808 2579 Codd.
830 2521 881 2574 esse
901 2539 953 2593 pro
975 2525 1058 2580 enim,
1080 2540 1150 2594 quae
1170 2521 1228 2597 ipsa

134 2664 136 2669 ,
228 2623 331 2681 plancta
354 2608 450 2659 desiuit
471 2604 629 2666 interdum,
651 2605 730 2658 sicini
748 2604 834 2661 modo
856 2607 884 2658 in
900 2605 985 2660 Goth.
1000 2606 1029 2656 iu
1042 2605 1112 2663 istie:
1129 2602 1228 2680 secut»

228 2692 290 2746 dan
306 2694 383 2745 enim.
412 2692 449 2745 Et
463 2688 521 2743 sere
537 2708 600 2741 cum
616 2690 726 2762 punctis
741 2688 771 2742 in
786 2704 856 2745 vett.
871 2688 932 2742 edd.
948 2689 1051 2766 legitur
1065 2684 1227 2758 .tt.'(h.l.)

87 2776 91 2785 “
170 2816 172 2820 ψ
227 2789 260 2829 ut
276 2777 322 2832 vel
337 2794 382 2829 eae
396 2792 485 2827 meam
500 2774 635 2827 rationem
651 2773 796 2826 defendere
809 2773 909 2847 possint
923 2772 1022 2829 videri.
1061 2772 1114 2828 sed
1135 2772 1229 2829 affiatu

227 2860 302 2916 Vols.
330 2881 355 2912 t.
378 2875 406 2912 et
427 2860 524 2914 Vener.
547 2859 641 2909 datttes
668 2859 803 2930 expresse:
832 2863 909 2911 enim.
953 2860 1083 2913 Ceterum
1103 2860 1227 2913 immunis

227 2963 291 2998 oum
313 2959 382 2997 vett.
406 2941 467 2996 edd.
489 2941 620 2995 omniluu
640 2940 728 2994 malui
749 2940 881 3005 scribere.
901 2961 984 3014 quam
1001 2945 1127 3003 inmunis,
1149 2940 1227 3014 qttod

228 3045 292 3082 cum
308 3027 377 3084 obt.
394 3026 529 3080 dederuut
542 3029 638 3081 Burm.
655 3044 742 3098 eoque
756 3027 930 3083 recentiores.
957 3025 1045 3081 Codd.
1061 3024 1146 3080 multi
1159 3044 1225 3078 cum

225 3127 293 3169 vett.
309 3111 370 3164 edd.
386 3110 520 3166 videntur
535 3110 630 3169 iacere,
652 3114 699 3163 etsi
713 3110 770 3163 duo
787 3112 857 3170 mei,
879 3113 897 3163 si
913 3128 986 3163 recte
1001 3108 1124 3170 contuli.
1147 3125 1226 3163 tuen-

225 3210 272 3251 tut
287 3201 347 3249 inlu.
364 3211 396 3249 ut
411 3212 438 3249 et
453 3196 527 3253 Voss.
548 3215 572 3247 a.
588 3194 636 3248 ubi
651 3195 687 3246 est
701 3198 728 3247 in
742 3215 843 3248 munet.
886 3195 958 3251 Cum
974 3194 1059 3247 modo
1075 3192 1225 3271 legerimus

225 3282 354 3339 obtinuit,
376 3299 432 3332 uon
454 3282 585 3354 optinuit,
609 3279 691 3341 etiam
713 3276 760 3331 hia
781 3279 893 3331 videtur
915 3281 1022 3331 secutus
1046 3296 1226 3335 communem

223 3365 384 3439 scripturam
403 3367 455 3437 Qu.
500 3368 570 3418 Sunt
585 3361 708 3434 exempla
726 3361 773 3417 libi
789 3363 908 3416 invicem
925 3363 1074 3421 culinaria,
1097 3360 1227 3416 obtinen-

226 3464 269 3507 te,
291 3450 321 3500 iu
343 3449 447 3522 primi,
469 3449 576 3501 ratione
600 3461 695 3499 contra
713 3447 991 3521 pronunciationem.
1013 3449 1041 3501 in
1063 3446 1225 3518 posteriori.

225 3547 320 3584 contra
340 3534 475 3586 rationem
496 3531 735 3606 pronunciatione.
901 3533 1014 3585 aredium
1031 3533 1137 3587 literam
1152 3531 1223 3604 rous.

223 3619 264 3670 lta
283 3616 375 3670 Guals.
392 3632 419 3669 et
434 3633 528 3670 omnes
545 3615 633 3671 Codd.
651 3629 678 3667 et
693 3613 755 3668 edd.
772 3629 834 3668 ante
847 3616 945 3670 Burro.
961 3616 991 3668 in
1006 3634 1076 3688 qua,
1097 3615 1225 3687 profecto

223 3718 302 3759 mero
332 3701 500 3777 typographi
522 3718 633 3756 errore,
663 3698 758 3754 omissa
780 3700 842 3757 stant
863 3698 945 3758 haece
976 3702 1088 3758 tarassiam
1109 3700 1225 3755 literam.

222 3786 286 3838 ttae
301 3783 420 3857 sphalma
434 3797 623 3863 propagarunt
632 3783 718 3857 Capp.
732 3783 811 3835 siesn.
828 3783 889 3855 Bip,
981 3842 984 3849 ¹
1006 3849 1009 3855 Ι
1039 3782 1122 3837 dabie.
1145 3784 1225 3838 Hauc

222 3870 400 3940 scripturam,
420 3868 503 3927 solnm
517 3887 628 3928 veram,
647 3881 743 3920 tuetur
758 3866 860 3925 lineis..
877 3886 940 3919 eum
957 3865 1042 3921 Goth.
1058 3866 1135 3921 Voss.
1152 3882 1180 3920 Β.
1195 3882 1223 3921 et

220 3952 281 4009 edd.
298 3966 384 4012 vett„
407 3968 468 4009 ante
483 3951 654 4028 Gryphium,
674 3951 732 4005 sere
747 3968 842 4004 omues
859 3950 925 4005 dem
938 3968 1053 4026 pravam
1069 3952 1199 4007 deliniat.
1277 4018 1282 4025 .

256 4103 327 4164 t'lsad
351 4128 391 4146 --
413 4120 598 4159 commutatur.
640 4101 699 4156 vid.
722 4117 781 4156 not.
799 4103 867 4158 Crit.
