2596 4710
133 354 272 408 mxu
462 329 795 403 PRAEFATIO.

137 525 312 587 orationem
326 520 405 584 Obr.
429 523 516 603 qnod
533 518 644 604 etipse
658 520 760 585 facere
776 518 943 590 debebam,
970 518 1054 581 nihil
1068 537 1142 581 nto-

138 640 224 693 ratue
238 626 457 687 anctoritatem
471 622 723 705 Guelferbyteni,
749 642 845 707 quem
857 623 982 707 appello
998 623 1037 683 nd
1056 634 1089 701 3,
1106 632 1140 699 5,

147 744 190 792 12
212 729 249 789 in
263 740 333 790 not.
352 726 433 790 Crit.

156 894 158 898 ·
220 895 254 949 2,
280 890 312 957 5,
335 886 370 960 4.
398 874 544 937 alterille
560 876 671 937 etiam.
726 876 836 937 Turic.
856 873 927 958 post
949 874 1008 938 alt.
1034 873 1144 936 inserit

132 1001 228 1043 ,error
246 1000 321 1041 curn
343 978 439 1040 Bodl.
464 979 516 1039 ed.
540 978 639 1039 Andr.
662 975 744 1039 tens.
768 982 847 1053 (tac.
866 973 983 1052 Gesn.)
1008 990 1041 1038 et
1061 978 1143 1039 nreis

142 1095 217 1145 ante
239 1080 364 1163 Gryph.
389 1081 551 1142 omnibus.
603 1080 652 1143 Ex
670 1100 734 1161 qno
757 1090 841 1138 recte
865 1075 988 1139 efficere
1011 1078 1143 1139 videtur

142 1164 255 1245 Burni.
265 1182 355 1252 alter,
373 1194 404 1242 et
420 1180 470 1241 itte
480 1182 589 1241 eriam.
641 1181 728 1244 Nam
744 1199 849 1262 neque
863 1179 1061 1255 vetustaiiir,
1087 1198 1143 1243 ne·

141 1304 204 1367 qne
218 1296 343 1366 recepta
356 1282 450 1367 plane
464 1282 619 1363 procedit.

221 1448 255 1506 2,
284 1446 317 1512 5.
341 1432 376 1497 6.
406 1432 544 1494 Phidias
569 1464 612 1480 -—
640 1431 697 1493 ttta
712 1445 818 1493 autem
831 1451 913 1514 quae
929 1431 963 1491 in
978 1450 1142 1494 ornamen-

144 1546 223 1595 tum.
299 1528 492 1598 Obversatur
512 1532 609 1595 Fabio
634 1535 763 1597 videtur
784 1535 875 1595 loeus
899 1531 1066 1596 Ciceronic
1092 1535 1141 1596 De

145 1634 203 1697 Or.
223 1648 256 1705 Ω,
288 1649 330 1712 17
354 1649 433 1696 extr.
486 1637 517 1697 le
531 1649 652 1705 antem,
678 1649 800 1718 praeter
817 1635 932 1695 miram
954 1650 988 1697 et
1007 1635 1142 1697 nimiam

141 1754 245 1818 paene
268 1737 545 1807 convenientiam,
578 1757 657 1818 qnae
673 1738 718 1823 est
732 1740 763 1799 ei
779 1756 853 1800 curn
869 1738 1010 1819 proximi
1030 1738 1142 1825 capitit

144 1837 363 1909 conclufione‚
401 1837 498 1899 habet
519 1836 756 1910 difficultatem,
797 1856 892 1920 quarn
919 1860 989 1901 non
1011 1839 1141 1901 videtur

142 1934 459 2009 tumultuentur,
484 1938 539 2001 etsi
553 1940 703 2022 probatus
711 1938 960 2020 wyttenbachio
975 1940 1013 2002 V.
1029 1938 1139 2002 Celeb.

142 2039 179 2099 in
194 2039 271 2103 btbt.
289 2041 369 2104 crit.
394 2041 467 2102 Vol.
490 2062 519 2104 1.
545 2061 577 2125 p.
602 2061 656 2122 19.
708 2042 822 2103 Noster
836 2038 916 2102 infra
935 2047 983 2119 (α,
1012 2061 1067 2121 19,
1093 2042 1141 2127 5..)

142 2139 300 2206 Praxitele
321 2144 422 2204 utitur
445 2144 612 2225 exemplo,
647 2147 762 2227 quoin
784 2145 854 2203 loco
880 2143 974 2205 verba
994 2140 1059 2203 fere
1078 2143 1139 2215 tttn.

141 2262 222 2322 qnae
237 2242 308 2305 [unt
322 2241 557 2327 impediriffinra
572 2246 655 2327 apud
670 2246 860 2307 Ciceronem
879 2246 943 2323 (De
954 2245 1011 2308 Or.
1030 2260 1063 2316 Ω,
1083 2244 1141 2323 ι7)

140 2341 244 2415 „ilerd
256 2344 336 2406 idem
353 2338 500 2436 artiscx‘·
520 2344 590 2408 satis
609 2361 680 2429 apte
697 2359 873 2429 ponuntur.

218 2490 251 2547 2,
277 2485 310 2558 4,
336 2492 369 2539 2.
405 2479 583 2556 accepimus
598 2468 732 2570 species.
782 2478 892 2538 Turio.
908 2475 1015 2538 Grrelf.
1035 2476 1135 2539 Goth.

143 2572 216 2662 (tec.
234 2574 344 2653 (iesn.)
359 2579 531 2660 accipimus
533 2570 589 2673 Jp
619 2594 693 2640 cunr
709 2578 783 2639 edd.
796 2580 875 2638 meis
890 2598 907 2638 a
920 2578 1043 2659 Gryph.
1061 2578 1138 2641 indo

142 2696 243 2758 usqne
256 2679 295 2741 ad
311 2678 404 2741 Gesn.
421 2683 476 2761 qui
493 2700 532 2742 ex
544 2694 624 2743 vert.
640 2681 847 2762 praeteritum
863 2683 1038 2743 revocavit.
1087 2682 1139 2741 vi·

143 2777 236 2839 detur
252 2781 355 2861 aptius
375 2779 529 2863 praesens.
552 2784 624 2863 quin
639 2783 828 2865 significatur
840 2795 965 2865 recepta
982 2782 1066 2843 inter
1081 2781 1138 2843 ho·

141 2881 246 2941 mines
261 2881 372 2944 divisio
390 2885 623 2952 narrationum.
650 2904 717 2944 non
740 2904 792 2954 ea,
822 2902 918 2964 quam
930 2885 964 2945 in
978 2882 1139 2965 prioribus

140 2976 272 3061 scriptor
293 2980 357 3064 ipse
379 2980 506 3057 fecerit,
541 3004 605 3065 qno
634 2982 729 3067 poffit
755 2986 912 3046 deducere
931 2986 1138 3065 praeteritum

141 3079 207 3143 hoc
221 3083 291 3145 loco
305 3084 455 3166 positum.
508 3084 622 3168 Neque
637 3087 739 3149 'obstat
752 3106 829 3147 mox
850 3084 1138 3166 comparens-dedi·

140 3204 222 3254 mres,
249 3186 342 3266 qnod·
352 3187 480 3271 proprie
501 3188 542 3249 de
562 3186 592 3250 fe
612 3189 691 3249 dicit
711 3186 880 3269 respIciens
897 3188 935 3249 ad
959 3208 987 3255 ι,
1015 3200 1048 3265 3,
1080 3198 1135 3265 ¹8·

147 3305 183 3364 1,
211 3304 252 3371 9,
277 3302 310 3349 Ω.
339 3288 373 3353 6.
425 3288 597 3353 Peculiaris
619 3303 726 3351 antem
748 3290 927 3368 argrnnentr'
948 3289 1157 3372 significatus*

140 3386 174 3445 in
197 3386 231 3452 h.
255 3388 276 3453 l.
304 3391 472 3454 invenitur
492 3393 589 3454 etiarn
614 3393 698 3475 apud
728 3389 920 3453 Ciceronem
945 3392 984 3452 de
1005 3392 1079 3453 Inv.
1107 3411 1136 3462 r,

141 3504 196 3565 19.

216 3634 249 3689 2,
274 3620 309 3692 6,
337 3637 371 3686 2.
398 3636 430 3683 et
443 3621 513 3685 ideo
528 3639 684 3687 nerrrrnm.
735 3621 828 3693 ,ΕΝ
843 3620 915 3689 hoc,
932 3634 1137 3705 natnnrepo·

136 3714 328 3793 (tremore,
365 3726 453 3807 quod
480 3726 654 3807 antecedit,
695 3736 879 3806 utrumque,
918 3721 1137 3801 abjiciendum

135 3819 230 3882 duco.

211 3966 251 4022 2,
278 3963 318 4028 8,
347 3968 380 4027 7.
406 3944 575 4044 sucronem
591 3954 809 4015 certaminum.
862 3952 954 4015 Adde
969 3955 1008 4017 ad
1022 3970 1136 4018 notam

133 4069 201 4115 exn
229 4052 412 4123 certamina
435 4053 531 4127 [aaa.
559 4056 647 4123 nulle
665 4057 730 4121 loci
750 4059 946 4141 temporisve
967 4077 1032 4140 qno
1048 4057 1134 4121 inssi-
