2596 4710
164 318 212 395 4·
311 306 316 330 ³
394 304 453 376 Μ.
484 306 584 379 raa.
619 302 931 398 querutum

162 493 413 582 adhibeatur,
445 507 576 567 tamen
596 495 874 593 unusquisque
896 506 1028 569 totum
1045 486 1160 567 feret.

118 611 396 705 14N0neiiim
419 634 500 683 vox
532 609 599 681 illa
629 611 909 708 praeceptoris,
952 623 1000 683 ut
1023 632 1162 696 coena,

158 727 295 801 niiuus
314 725 498 823 pluribus
517 721 676 813 sullicit3
701 723 769 797 sed
790 739 837 799 ut
855 719 935 812 sol,
962 721 1160 801 universis

158 839 268 922 idem
282 840 383 915 lucis
399 839 618 939 calorisque
636 841 810 939 largitur.
872 838 1162 923 Grammaticus

159 978 324 1054 quoque
339 952 390 1029 de
405 956 557 1061 ratione
577 954 773 1052 loquendi
790 951 819 1029 st
841 950 1015 1040 disserat,
1035 978 1161 1052 quae·

160 1068 306 1144 stiones
330 1071 516 1169 explicet,
554 1067 735 1145 historias
759 1085 950 1169 exponat,
977 1074 1161 1169 poemata

114 1201 332 1285 ³5errarret:
370 1185 520 1260 totilla
544 1181 713 1272 discent,
749 1200 850 1284 quot
873 1183 1046 1259 audient.
1106 1186 1161 1263 At

158 1302 267 1375 enim
298 1298 568 1375 emendationi
598 1301 934 1399 praelectionique
962 1320 1160 1375 numerus

158 1414 291 1490 obstat.
360 1416 420 1491 Sit
451 1413 757 1490 incommodum
784 1417 903 1513 (nam
935 1413 1035 1512 quid
1071 1411 1159 1487 fero

157 1528 341 1628 undique
367 1530 565 1628 placetl),
592 1555 693 1619 mor¹
710 1529 814 1605 illud
841 1526 1160 1627 comparabimus

157 1642 389 1720 commodis.
445 1646 534 1719 Nec
548 1669 622 1743 ego
641 1660 771 1719 tamen
789 1671 837 1721 eo
856 1646 962 1719 mitti
982 1669 1158 1742 puerum
1185 1646 1195 1669 '

155 1758 272 1847 volo,
302 1758 375 1834 ubi
391 1758 623 1857 negligatur.
683 1759 760 1835 Sed
774 1784 904 1859 neque
924 1774 1206 1859 praeceptore,

155 1874 287 1949 bonus
312 1879 460 1967 majore
492 1871 532 1949 le
563 1874 695 1962 turba,
735 1866 855 1975 quarn
887 1890 933 1949 ut
966 1872 1156 1949 sustinere

155 2014 241 2062 eant
257 1988 384 2089 possit,
411 1991 656 2065 oneraverit:
688 2005 726 2062 et
743 1991 926 2090 inprimis
945 2014 990 2063 ea
1006 1988 1158 2063 haben·

154 2103 205 2177 da
223 2130 316 2200 cupra
334 2102 407 2192 est,
436 2119 480 2180 ut
495 2105 528 2179 is
545 2108 656 2179 omni
672 2104 795 2181 modo
817 2102 883 2178 fiat
900 2104 1015 2178 nobis
1039 2095 1167 2179 fami.'

152 2218 303 2293 liariter
318 2221 487 2294 amicus:
520 2245 593 2291 nec
609 2219 784 2295 officium
802 2222 846 2293 in
865 2218 1048 2296 docendo
1068 2215 1154 2318 spe-

149 2349 247 2420 ctet,
279 2333 347 2408 sed
370 2329 564 2409 affectum.
603 2337 656 2408 ita
688 2360 896 2434 nunquam
925 2336 1074 2409 erimus
1106 2334 1155 2411 in

107 2450 278 2524 itturba.
347 2452 435 2523 Nec
464 2446 553 2523 sane
587 2452 818 2549 quisquam,
858 2451 983 2529 literis
1015 2446 1153 2525 saltem

151 2564 295 2639 leviter
317 2565 515 2650 imbutus,
544 2590 657 2654 eum,
684 2569 729 2640 in
745 2593 826 2665 quo
846 2563 1022 2638 studium
1038 2566 1152 2663 inge·

149 2682 348 2779 triumque
379 2678 637 2779 perspexerit,
674 2708 758 2755 non
785 2680 961 2756 insuam
986 2704 1149 2777 quoque

149 2793 318 2894 gloriam
339 2797 588 2894 peculiariter
609 2793 773 2872 fovebit.
830 2795 907 2871 Sed
923 2811 968 2868 ut
990 2791 1150 2894 fugien-
1173 2842 1177 2849 -
1210 2816 1216 2823 ·

149 2908 223 2984 dae
239 2909 314 2985 lint
330 2936 493 3011 magnae
513 2910 686 3001 scholae,
713 2914 731 3010 (
740 2915 806 2987 cui
825 2937 875 2986 ne
893 2908 966 3011 ipsi
983 2908 1154 3009 quidem.

187 3155 311 3232 historias
332 3176 471 3234 exponat.
500 3170 627 3234 palmato
709 3164 933 3236 praelectionique
955 3180 1079 3218 namnet
1101 3161 1149 3219 olr-

146 3261 259 3317 enerret.
312 3246 442 3320 Exponat
476 3245 557 3321 plane
590 3246 626 3300 est
661 3242 729 3319 stat.
773 3249 841 3303 Non
856 3246 944 3300 statim
960 3260 1081 3320 apparet,
1096 3245 1149 3319 qui

146 3328 223 3401 qnod
243 3346 349 3389 narret,
371 3332 406 3385 sic
421 3339 457 3402 4,
477 3346 493 3384 2
511 3330 626 3404 serpilli·
666 3332 840 3403 praeli-ctiori
875 3349 1009 3385 numerus
1045 3330 1149 3395 obstet,

144 3424 192 3465 tue
219 3415 310 3467 veriat
338 3417 493 3478 orationem
521 3416 625 3475 noller,
667 3434 730 3469 cnm
753 3436 809 3468 vox
828 3416 877 3468 itta
895 3415 932 3468 orl
948 3414 1149 3470 omnesvidea·

145 3494 232 3551 inodo
261 3498 456 3574 expofitioriem
477 3498 624 3575 appellant,
667 3514 715 3553 tur
738 3499 861 3574 perferri.
903 3498 957 3553 Sed
975 3498 1148 3577 intelligitur

143 3579 230 3633 modo
264 3587 460 3647 narrationemg
496 3605 531 3637 ne
560 3582 623 3655 quir
667 3583 729 3637 talis
758 3585 920 3657 praelectio,
945 3600 1003 3656 qua
1030 3582 1147 3661 sirignlit

142 3663 210 3719 tatto
225 3664 259 3718 tle
276 3671 492 3738 interpretatione
511 3668 623 3745 cogitet.
665 3658 777 3742 pneris,
798 3686 868 3740 qnae
881 3667 932 3740 ipsi
947 3669 1008 3722 liint
1022 3686 1149 3743 pronun·

144 3748 258 3806 Emer
285 3767 376 3806 autern
406 3752 552 3828 significat:
586 3756 624 3805 in·
665 3751 782 3810 ciatnri,
823 3749 971 3828 diligenter
1013 3767 1149 3826 praeerunt

143 3848 312 3904 terpretetur.
364 3834 537 3914 Quaejt'lones
560 3838 623 3890 sunt
664 3836 802 3913 magistri,
825 3835 900 3907 qnod
925 3836 984 3889 lane
1004 3841 1057 3890 vix
1075 3836 1147 3892 duo·

142 3932 205 3977 ret,
243 3916 278 3973 (le
311 3919 414 3993 quibua
448 3918 623 3977 Grarrmratici
664 3920 717 3975 bns
735 3917 816 3975 snnnl
840 3919 927 3993 potest
942 3922 1078 3994 praestari.
1109 3920 1147 3997 cs.
1178 3930 1188 3963 -2

143 4014 246 4055 aereaar
273 4016 302 4057 et
329 4002 425 4060 adtu-
442 4001 498 4082 [ιώ
531 4005 623 4077 judice
664 4007 689 4074 p.
712 4019 757 4058 12.
775 4005 855 4059 lectio
878 4031 917 4048 ·-
937 3999 1082 4079 praeeunte
1102 4034 1149 4053 ι-

143 4084 176 4141 lis
201 4082 249 4162 est.
665 4105 736 4167 eget.
758 4088 818 4144 vid.
834 4088 919 4147 otiam
937 4107 965 4154 a,
981 4104 1009 4162 5.
1026 4104 1055 4162 3·
1070 4101 1103 4169 4.
