2596 4710
170 366 244 443 toa
407 342 935 441 n1.FAB.QU1NT1L1AN1

172 530 405 639 Gur‘igitur
430 550 644 621 oratorem,
672 556 796 631 quem
815 531 966 610 abono
983 519 1081 610 viro
1094 558 1180 613 non

135 652 326 755 ¹3lepar0,
349 655 394 728 in
410 651 545 726 eadem
561 650 722 725 maten'a
741 645 887 723 versari
903 651 1054 724 mirer?
1088 676 1180 727 cum

173 768 401 872 praesertim
417 770 549 868 primo
571 765 675 839 libro
699 768 776 857 jam
800 762 1060 853 ostenderim,
1088 765 1180 865 phi·

174 884 361 984 losophos
388 879 564 957 omillam
589 880 691 955 hauc
714 879 763 953 ab
777 880 1006 956 'oratoribus
1025 896 1179 980 partem

176 994 387 1099 compelle,
399 1022 499 1097 quae
514 997 729 1071 rhetorices
741 997 902 1096 propria
913 993 1070 1096 semper
1082 992 1179 1073 fuis·

175 1113 250 1202 let,
271 1130 319 1188 ut
335 1114 396 1187 illi
415 1114 550 1213 potius
568 1111 612 1185 in
634 1107 766 1188 nostra
780 1113 943 1185 materia
958 1108 1177 1189 versentur.

57 1230 61 1243 '
176 1230 365 1326 Denique
389 1254 482 1302 cum
506 1226 551 1301 fit
570 1226 785 1300 dialectices
803 1231 967 1300 materia
991 1224 1044 1300 de
1060 1226 1180 1304 rebus

177 1340 359 1435 subjectis
376 1340 594 1442 disputare,
619 1340 665 1416 fit
682 1356 815 1417 autem
832 1340 1034 1416 dialectice
1053 1344 1179 1419 oratio

178 1455 365 1544 concisa,'
389 1483 460 1531 cur
487 1483 572 1532 non
600 1455 737 1530 eadem
773 1472 985 1557 perpetuae
1016 1480 1181 1556 quoque

134 1571 559 1654 nmaieriavideaturt
613 1570 1008 1670 Soletaquibusdam
1022 1586 1063 1647 et
1076 1570 1181 1648 illud

176 1687 295 1786 poni,
326 1687 504 1763 Omnium
526 1689 652 1791 igitur
671 1690 813 1760 artium
834 1693 983 1784 peritus
998 1692 1075 1763 erit
1091 1715 1180 1765 ora·

175 1790 258 1889 toi,
281 1795 324 1909 fi
345 1802 393 1873 de
416 1797 585 1875 omnibus
609 1804 646 1887 ei
667 1801 866 1877 dicendum
891 1797 959 1908 estss
1029 1800 1179 1881 Pollem

175 1914 243 1989 hic
264 1916 468 1992 Ciceronis
489 1913 726 2015 respondere
746 1914 899 2006 verbis,
926 1918 1035 2018 apud
1057 1932 1177 2018 quein

174 2029 253 2106 hoc
272 2031 458 2119 invenio,
488 2034 586 2106 Mea
603 2024 957 2141 quidemseotentio
975 2060 1085 2109 nemo
1101 2028 1179 2148 effe

174 2151 322 2243 poterit
344 2148 445 2221 onini
467 2146 584 2221 &uide
606 2146 819 2223 cumulatus
839 2164 990 2236 orator,
1012 2146 1086 2260 nist
1106 2154 1178 2226 erit

177 2265 343 2333 omnium
360 2287 489 2334 rerum
511 2286 745 2366 magnarum
760 2278 878 2362 atque
893 2269 1036 2339 ortium
1051 2260 1178 2377 scien-

180 2378 273 2447 tiam
302 2368 541 2483 consecutus:
582 2372 650 2449 sed
675 2376 779 2450 mihi
804 2374 893 2456 latis
917 2377 971 2454 est
997 2386 1084 2473 ejus
1105 2380 1179 2460 elle

180 2504 377 2564 oratorem
412 2492 490 2578 rei,
531 2488 581 2565 de
617 2515 696 2589 qua
722 2490 845 2581 dicet,
882 2520 967 2569 non
995 2495 1176 2575 inscium.

108 2605 324 2709 '²oNeque
354 2607 463 2680 enim
492 2628 631 2681 omnes
662 2604 792 2683 causas
820 2611 956 2699 novit,
993 2626 1036 2686 et
1062 2612 1178 2690 debet

240 2871 302 2926 cur.
346 2869 438 2927 Guelf.
453 2884 480 2925 et
493 2870 588 2925 Turio.
601 2870 692 2950 Quare
706 2890 771 2947 cnm
787 2870 861 2927 Atra.
977 2877 1054 2949 pluet.
1068 2885 1178 2955 propria

172 2950 259 3029 semp.
269 2953 362 3009 Guell.
379 2956 487 3009 omittit
499 2959 619 3029 propria.
724 2957 871 3012 dialectice.
912 2961 975 3015 Hoc
984 2961 1075 3037 scripli
1085 2980 1178 3021 contre

179 3038 241 3092 edd.
263 3057 351 3113 prope
372 3058 484 3101 omnes,
505 3040 656 3095 dialectices
679 3039 790 3101 duitas,
812 3041 893 3097 bouis
913 3059 1004 3098 tamen
1019 3049 1178 3106 auctoribus

178 3121 268 3179 Codd.
281 3126 448 3179 Britannicis
462 3123 551 3178 tribus
561 3124 658 3178 Turio.
667 3125 744 3179 eted.
759 3125 844 3179 Andr.
865 3129 1017 3183 Necessaria
1026 3146 1180 3189 eratmnta·

179 3208 229 3267 tio,
244 3208 303 3261 vitl.
322 3224 349 3269 2,
376 3225 423 3268 20,
441 3224 467 3274 7.
486 3227 544 3281 quo
559 3208 663 3263 accedit
676 3210 823 3267 CioBrut.
834 3229 873 3284 9⁰
890 3211 1186 3293 „dialectice-qua(

178 3306 334 3351 „contracto
357 3308 384 3347 et
407 3293 510 3345 aliricta
531 3291 686 3363 eloquentia
709 3294 830 3368 putanda
844 3294 909 3350 est.“
936 3298 1013 3354 etde
1031 3302 1145 3364 fine,
1161 3302 1178 3358 6

178 3391 331 3449 „perpetua
341 3379 449 3431 oratiou
462 3374 494 3447 (i.
505 3397 527 3429 e.
543 3375 693 3446 rhetorice)
709 3397 784 3440 „non
792 3378 938 3434 rhetorum
947 3382 1036 3438 lolnm
1045 3386 1090 3442 led
1099 3389 1180 3442 etiam

178 3457 456 3534 ‚,philolopliornm.“
495 3466 618 3533 Apparet
634 3462 697 3516 fons
714 3463 816 3517 erroris
831 3482 895 3517 cum
913 3468 989 3524 voti.
1008 3488 1033 3522 1.
1057 3484 1086 3539 5.
1107 3491 1182 3547 prae·

176 3542 282 3596 lerant:
305 3546 472 3605 dialecticae.
486 3543 561 3617 quod
572 3545 608 3598 cst
621 3560 715 3600 ortum
725 3567 759 3600 ex
774 3547 845 3602 male
856 3548 1013 3607 intellecto:
1034 3554 1181 3612 dialectice.

242 3634 364 3683 materia.
409 3628 503 3685 Gueli'.
529 3643 556 3680 et
577 3629 672 3684 Turio.
701 3636 828 3686 materiae
843 3651 906 3687 cum
923 3637 995 3694 Jens.
1013 3642 1086 3707 (non
1108 3641 1181 3695 enim

177 3707 225 3764 (lat
240 3717 363 3781 mategie)
379 3728 406 3768 et
422 3711 496 3766 idem
510 3711 603 3767 voluit
616 3714 701 3770 Goth.
717 3715 767 3787 qui
782 3715 864 3770 habet
880 3721 992 3774 caudam
1006 3723 1037 3775 in
1053 3744 1068 3778 e
1076 3746 1087 3789 ‚·
1104 3724 1180 3779 mele.

238 3794 288 3850 lioc
309 3800 361 3851 inv.
407 3795 500 3853 Guelf.
522 3796 585 3851 liaeo
607 3800 661 3853 inv.
703 3799 864 3877 Elegantius
885 3806 1013 3876 prolecto
1036 3806 1069 3862 ol.
1095 3809 1131 3863 od
1155 3824 1181 3869 2.

180 3891 226 3942 17,
243 3890 293 3944 30.
456 3881 536 3935 dicct.
581 3881 673 3938 Guell.
688 3886 751 3939 «licit
769 3903 832 3938 cnm
849 3888 921 3945 Jens.
936 3890 987 3964 qni
1001 3909 1058 3946 non
1075 3894 1182 3949 omittit

174 3961 201 4015 d.
218 3983 244 4037 q.
261 3962 307 4023 il,
328 3977 361 4018 ut
375 3976 467 4019 narrat
483 3967 563 4022 Gelo.
581 3981 609 4021 et
623 3968 658 4022 fic
673 3968 819 4043 pleraeque
836 3970 898 4024 edd.

215 4182 303 4254 primo
312 4180 390 4237 libro.
412 4182 539 4238 Prooem.
554 4203 588 4240 io
598 4185 655 4258 qu.
705 4186 778 4242 Mea
792 4189 905 4264 qnidam.
924 4191 974 4246 De
983 4192 1034 4249 Or.
1047 4192 1102 4256 no
1114 4193 1178 4249 init.
