3158 4802
423 259 546 332 msa.
574 261 783 341 oraton
812 265 958 370 amr,
987 289 1019 334 1.
1177 286 1226 356 33

134 527 140 536 ,
210 449 259 526 ‘se
288 449 519 546 conjunctio
542 445 792 550 suppeditare
811 448 890 529 sane
917 454 1000 528 ulla
1020 455 1223 554 cogitandi

215 565 355 641 saltem
378 589 492 640 mora
512 567 666 664 poterit
698 582 793 640 tunc
812 566 903 667 ipsis
918 565 1079 666 syllabis
1101 575 1222 646 verba

217 681 456 782 complecti,
485 695 524 752 et
540 677 606 772 bis
629 675 853 756 sennonem
872 701 1104 758 connectere
1120 687 1221 762 inci·

215 799 314 897 piat.
355 793 594 868 Incredibile
610 791 677 883 est,
694 812 888 894 quantum
907 822 1041 873 morae
1057 800 1221 878 lectioni
1230 827 1268 892 ³2

213 909 472 988 festinatione
507 907 724 1002 adjiciatur.
790 913 894 986 Hinc
928 912 1042 988 enim
1077 915 1220 991 accidit

214 1025 438 1130 dubitatio,
473 1023 721 1114 intenniffio,
755 1028 957 1124 repetitio,
986 1023 1221 1129 plusquam

217 1137 380 1242 poffunt
412 1138 649 1216 audentibus
656 1167 667 1230 ;
710 1139 857 1216 deinde
894 1167 987 1216 cum
1022 1160 1227 1233 errarunt„

218 1258 340 1332 etiam
379 1256 429 1330 iis
473 1277 575 1353 quae
619 1261 697 1348 jam
742 1253 891 1348 sciunt,
936 1254 1218 1334 diffidentibus.

216 1373 337 1448 Certa
361 1367 409 1444 fit
431 1394 526 1470 ergo
551 1372 750 1470 imprimis
774 1372 914 1461 lectio,
951 1370 1098 1446 deinde
1125 1397 1268 1458 con-55
1341 1389 1348 1406 ·

216 1492 373 1582 juncta3
413 1502 453 1560 et
483 1485 557 1560 diu
589 1486 754 1574 lentior,
790 1485 919 1562 donec
942 1489 1220 1566 exercitatione

215 1604 421 1702 contingat
442 1599 647 1674 emendata
671 1602 867 1677 velocitau
926 1605 1035 1676 Nam
1063 1599 1268 1704 prospi-at

213 1741 305 1792 cere
331 1719 375 1790 in
402 1715 588 1790 dextrum
619 1715 755 1814 (quod
780 1741 918 1792 omnes
945 1720 1218 1818 praecipiunt)

211 1848 255 1905 et
281 1830 515 1932 providere,
550 1856 636 1906 non
659 1833 822 1906 rationis
848 1809 993 1921 motio,
1029 1831 1098 1908 sed
1124 1831 1219 1912 usus

215 1970 382 2046 quoque
421 1943 496 2020 est:
543 1948 736 2044 quoniam
778 1945 981 2046 sequentia
1023 1948 1235 2038 intuenti„

217 2061 352 2161 priora
373 2059 541 2136 dicenda
562 2059 672 2150 sunt,
710 2076 768 2150 et,
801 2059 913 2161 quod
936 2059 1218 2140 difficillimum

215 2172 295 2264 est,
321 2174 537 2250 dividenda
556 2177 725 2252 intentio
740 2179 883 2268 animi,
912 2192 958 2252 ut
974 2177 1086 2252 aliud
1104 2203 1217 2268 voce,

219 2291 330 2368 aliud
365 2291 492 2368 oculis
525 2308 672 2390 agatur.
738 2291 845 2367 Illud
878 2319 964 2369 non
996 2293 1217 2392 poenitebit

168 2403 383 2494 zacurass'e,
414 2404 513 2482 dum
541 2405 708 2482 scribere
731 2409 895 2482 nomina
920 2433 1023 2509 puer
1050 2409 1217 2508 (quem-

216 2520 435 2600 admodum
459 2525 582 2598 moris
600 2520 684 2624 est)
706 2525 903 2622 coeperit,
930 2549 983 2598 ne
1002 2521 1104 2598 hanc
1123 2547 1217 2624 ope-
1287 2516 1291 2524 ’

215 2662 299 2712 ram
326 2639 370 2712 in
400 2637 605 2714 vocabulis
629 2637 863 2737 vulgaribus
884 2651 925 2712 et
952 2635 1056 2715 forte
1079 2663 1218 2714 occur·

215 2753 395 2828 rentibus
412 2752 559 2854 perdat
619 2755 806 2830 Protinus
822 2755 932 2828 enim
950 2750 1077 2855 potest
1093 2754 1266 2833 inter-55

281 2979 393 3042 lentior,
415 2979 508 3034 dom.
549 2981 636 3039 Juvat
661 2979 715 3036 boc
735 2980 866 3059 exemplo
890 2981 1041 3038 monstraro
1067 2979 1217 3042 tironibus,

219 3063 363 3137 quomodo
391 3061 536 3140 corrumpi
560 3063 662 3120 totum
685 3067 834 3140 scriptum
858 3065 889 3120 in
915 3067 1005 3124 Codd.
1061 3067 1117 3122 Hic
1141 3065 1218 3122 enim

220 3147 312 3204 Gueli.
341 3167 405 3202 cnm
429 3147 515 3204 Goth.
539 3164 567 3202 et
583 3145 635 3211 iit,
656 3167 728 3222 quos
745 3153 851 3228 Regius
869 3152 1019 3212 tractabat,
1039 3151 1105 3204 darn
1122 3153 1220 3206 tentius

220 3234 285 3288 urdo
303 3233 395 3288 donec.
440 3231 546 3312 Regius
564 3249 700 3308 receptam
717 3231 809 3298 eruit,
830 3257 914 3310 quam
931 3237 1065 3290 videntur
1081 3235 1220 3310 praeferre

212 3309 385 3390 'Bodlejmus
403 3331 431 3373 et
448 3317 514 3379 uti,
536 3317 690 3391 dequibus
708 3333 797 3372 tacent
817 3319 870 3394 qui
885 3315 1075 3374 contulerunt.

261 3535 314 3572 non
337 3519 447 3574 rationis
469 3517 550 3572 modo
569 3513 622 3594 sed
638 3515 704 3592 usur
744 3521 844 3592 cepto)
862 3513 997 3582 efficium
1026 3517 1223 3598 fligintrboo
1317 3503 1321 3510 ’

211 3587 333 3676 'quoquo
375 3605 473 3656 Senius
487 3601 625 3674 ejusmodi
641 3621 704 3677 pro·
745 3601 808 3678 usus
825 3623 928 3680 quoque
944 3601 1001 3678 est,
1022 3617 1149 3677 apparet.
1171 3605 1221 3658 ιιῙιι

225 3689 310 3740 iccio:
356 3685 431 3742 titud
452 3687 562 3742 [tebius
586 3687 703 3762 quidem
744 3704 816 3764 opu·
832 3688 883 3742 ess'e
899 3687 990 3742 mnbo
1008 3703 1040 3742 nt
1056 3687 1126 3740 effici
1143 3687 1223 3762 poffit

226 3769 358 3832 [tradetur.
374 3788 623 3844 qttamcxereetnr.
646 3773 703 3828 Re·
743 3791 841 3828 earet.
883 3769 929 3828 sic
948 3771 1133 3850 intelligitur,
1158 3789 1224 3846 qna·

225 3859 301 3908 rionis
318 3855 398 3908 modu
417 3855 468 3932 effe
486 3857 540 3910 dici
561 3857 645 3932 potest
662 3857 702 3917 ia.
743 3875 774 3912 re
795 3875 896 3936 magua
917 3857 958 3917 rei
982 3855 1128 3912 difflantur
1155 3871 1223 3912 mox

225 3937 298 4012 quod
330 3938 384 3992 iola
415 3942 522 3994 ratione
548 3941 596 4010 (b.
622 3961 645 3995 e.
670 3941 703 3996 in
744 3941 921 4022 fignifioetur.

227 4023 314 4076 notbo
332 4021 447 4098 quidem
466 4025 536 4086 loco,
555 4023 611 4080 [υΙο
627 4043 709 4102 prae·

269 4129 346 4184 Your.
361 4129 384 4181 Ι.
844 4131 868 4186 C
