2596 4710
328 375 451 444 lNS'l'.
479 375 687 448 ORATOR
713 379 805 448 LIB.
831 377 905 460 111,
932 373 965 444 6.
1068 383 1142 453 523

143 560 325 648 locutus,
362 565 453 639 artis
475 564 720 640 Rhetoricae.
779 563 939 639 Etenim
959 556 1192 658 supera-⁶⁵

146 702 245 750 cuus
268 674 372 752 foret
394 682 439 752 iu
462 676 602 754 studiis
626 679 788 779 longior
813 678 943 766 labor,
991 670 1147 749 linthil
1184 758 1189 777 Ι

145 792 282 865 liceret
305 794 451 870 melius
478 796 662 869 invenire
680 794 919 894 praeteritis.
997 791 1146 887 Neque

146 922 275 979 tamen
300 909 522 1007 quidquam
546 936 594 985 ex
614 909 697 999 his,
728 935 829 1008 quae
849 925 936 982 tum
952 904 1146 1006 praecepi,

142 1020 435 1119 supervacuum
454 1022 553 1101 fuit:
591 1023 641 1100 ad
665 1024 822 1101 easdem
842 1025 951 1098 enim
973 1021 1148 1122 particu-

143 1138 198 1210 las
216 1137 313 1209 haec
333 1164 519 1237 quoque,
547 1165 648 1240 quae
663 1165 774 1215 nunc
797 1138 1056 1237 praecipiam,
1084 1159 1147 1207 re-

143 1268 374 1327 vertentur:
417 1255 471 1329 ita
493 1257 696 1331 neminem
723 1249 899 1350 didicille
922 1253 1145 1354 poeniteat:
1232 1300 1245 1333 ,-

144 1367 332 1466 colligere
359 1383 515 1446 tantum
537 1369 694 1459 eadem,
723 1396 766 1444 ac
790 1367 1003 1469 disponere
1022 1364 1146 1469 paulo

144 1478 423 1582 fignificantius
447 1510 581 1561 conor.
663 1484 859 1560 Omnibus
884 1496 1019 1557 autem
1040 1478 1148 1555 latis-

143 1595 293 1672 factum
310 1600 422 1688 volo,
448 1627 534 1677 uon
546 1625 610 1676 me
628 1601 726 1675 haec
739 1596 864 1674 serius
881 1588 1148 1673 demonstrare

126 1710 248 1800 'aliia
284 1738 406 1812 quam
430 1715 533 1789 mihi
563 1713 645 1815 iple
672 1711 939 1814 persuaserim.
998 1703 1194 1786 Secun-66

142 1826 243 1901 <lum
259 1829 456 1925 plurimos
474 1847 653 1906 auctores
665 1829 867 1905 servabam
884 1844 962 1902 tres
977 1829 1149 1901 rationa-

143 1910 200 2035 les
216 1938 347 2029 status,
380 1942 645 2039 conjecturam,
659 1943 897 2042 qualitatem,
916 1938 1148 2048 finitionem,

143 2080 276 2129 unum
310 2056 488 2161 legalem.
576 2059 630 2131 Hi
661 2056 764 2130 milri
802 2053 921 2129 status
947 2054 1149 2153 generales

145 2184 269 2245 erunt.
336 2171 521 2271 Legalem
550 2174 595 2248 in
620 2173 800 2275 quinque
828 2167 975 2273 species
1005 2169 1158 2271 partieg

146 2285 229 2372 bar,
259 2276 394 2388 scripti
407 2286 677 2375 etoolantatia
706 2287 838 2393 legam
856 2287 1149 2388 romariorum,

147 2399 398 2489 collectivam,
421 2399 698 2507 ambiguitatis,
716 2401 985 2477 tramlatioais.
1023 2396 1196 2474 Nunc⁶7

147 2529 335 2615 quartum
357 2541 404 2590 ex
428 2517 677 2617 generalibus
694 2518 877 2618 intelligo
898 2509 1006 2616 polle
1021 2538 1152 2591 remo·

212 2744 330 2817 longior.
370 2742 465 2799 Guelf.
487 2747 600 2820 longas,
627 2764 678 2799 neo
697 2742 835 2818 displicet.

210 2829 313 2887 eadem,
335 2845 375 2879 ae.
418 2827 506 2882 Goth.
529 2835 595 2899 (tac.
612 2830 707 2895 Gelu.)
729 2849 761 2880 ea
775 2844 866 2902 atqua.
904 2829 972 2885 Non
986 2825 1067 2883 male.

211 2909 269 2988 ipsa
282 2906 404 2985 persnas.
447 2910 541 2966 Guell.
561 2909 612 2992 ipfi
628 2908 882 2986 demonstraveram..
908 2912 990 2965 Prius
1013 2926 1041 2966 et
1062 2910 1152 2968 Goth.

152 3014 216 3053 enm
238 2996 310 3055 Jens.
338 2993 411 3063 (tac.
432 2995 535 3074 Gelu.)
576 2995 653 3052 Male
675 3011 836 3068 utrumque.
877 2998 1007 3074 Jungunt
1028 2995 1097 3052 dem.
1120 3018 1153 3051 aa

151 3076 223 3157 pars.
248 3077 355 3152 aliquot
371 3078 434 3134 edd.
613 3082 641 3136 ln
655 3084 769 3154 quirrqae
780 3078 855 3154 spec.
899 3078 995 3135 Turio.
1012 3081 1039 3133 ia
1054 3080 1153 3158 lausque

146 3160 224 3239 spec.
266 3164 371 3217 Utrum
389 3167 416 3217 in
432 3163 480 3219 lm
494 3167 607 3242 quinquo
616 3163 691 3238 spec.
711 3163 823 3218 volebat
838 3161 968 3220 librarius
983 3181 1019 3218 an
1034 3168 1062 3220 in
1076 3161 1155 3243 lusco

146 3244 249 3324 spem?
278 3245 353 3303 Alm.
368 3251 397 3302 iu
410 3248 459 3305 las
469 3245 547 3326 [pee-
576 3246 612 3305 ef.
627 3248 652 3318 ᾖ.
667 3257 709 3322 54
730 3250 875 3324 quantitas.

190 3445 400 3524 fignificantiar.
439 3446 474 3502 cl.
495 3468 520 3507 1.
536 3463 564 3514 7,
582 3460 633 3518 52.
674 3447 766 3503 adhuc
786 3447 916 3504 defidero.
958 3445 1055 3503 Simila
1077 3444 1155 3503 vitle-

193 3530 376 3606 ferulaceum.
419 3533 501 3604 Quod
515 3533 635 3607 prohoo
676 3535 902 3588 tanraecorum
917 3533 1077 3606 sequiorum
1089 3536 1156 3595 πλη.

154 3613 261 3693 legitur
284 3616 314 3669 in
336 3615 502 3689 quibusdam
521 3617 598 3678 edd..
619 3636 635 3672 a
674 3622 806 3696 μφοριῖνς
831 3617 881 3671 nisi
897 3617 974 3690 qnod
996 3617 1042 3670 hic
1059 3615 1157 3690 proba·

156 3701 384 3773 Capperounerio
419 3701 491 3755 anule
524 3720 636 3756 revoca·
677 3702 749 3759 aioni
765 3702 808 3756 illi
829 3700 875 3755 vel
897 3700 1077 3756 affirmationi
1090 3701 1158 3757 inest

158 3800 236 3843 tum,
258 3783 434 3865 patefactam,
460 3787 635 3841 manifestam
677 3785 770 3860 aliqua
787 3786 944 3860 deprecatio
959 3785 1068 3859 pristini
1084 3804 1159 3843 erro·

158 3868 194 3925 all
210 3867 315 3922 nostrae
335 3869 485 3943 scripturae
504 3873 638 3945 interpro-
679 3870 727 3943 ria„
771 3868 931 3943 Satisfacere
950 3869 1026 3926 enim
1047 3869 1106 3925 lere
1122 3868 1159 3925 est

157 3966 334 4015 ramentumg
372 3952 402 4006 in
430 3953 500 4010 cod.
524 3955 638 4028 quidem
680 3954 822 4030 deprecari
837 3952 910 4027 apud
924 3953 1048 4015 nostrum
1062 3969 1096 4011 ut
1113 3974 1160 4020 ar,

157 4035 239 4091 nullo
255 4053 403 4112 oocuparet.
445 4038 580 4115 Exempla
601 4055 640 4095 ra·
686 4037 963 4112 a‚64.11,3‚63.

157 4138 225 4176 men
254 4121 329 4191 ejas.
363 4139 417 4193 qna
440 4120 487 4177 hic
508 4124 641 4198 aecipien-

158 4206 229 4263 dnm
238 4202 414 4281 faculatem,
437 4206 641 4284 significationis
728 4208 905 4266 collectivam.
947 4206 983 4263 el.
1007 4207 1033 4276 ἦ.
1049 4202 1101 4278 46.
