2596 4710
327 278 448 349 rusr.
474 279 680 349 ourron.
707 278 798 348 nn.
822 281 876 367 n,
907 300 938 349 2.
1058 257 1128 367 263

126 463 248 539 etiam
268 482 500 554 excurrunt,
526 482 670 541 etcum
687 467 873 543 indecora
888 467 1129 547 exultatione

128 581 384 655 conclamant.
445 581 489 656 Id
504 599 693 656 mutuum
708 581 781 669 et't,
810 599 849 656 et
864 585 921 658 ibi
936 584 1128 669 declama·

127 696 250 770 tionis
284 694 453 772 fortuna.
520 699 624 771 Hinc
659 713 795 772 tumor
822 715 860 771 et
886 724 986 772 vana
1014 700 1064 772 de
1090 698 1129 775 se

128 808 342 910 persuasio,
373 812 642 909 usqueadeo,
671 830 717 887 ut
742 815 814 888 illo
838 812 1130 913 condiscipulo·
1214 858 1221 887 t

128 950 223 1000 rum
243 930 422 1001 tumultu
448 918 591 1013 infleti,
622 925 648 1001 fi
675 950 859 1026 parumn
878 946 1130 1028 praeceptore

128 1036 361 1130 laudentur,
388 1040 459 1140 ipsi
478 1042 527 1116 de
550 1044 620 1117 illo
637 1044 739 1115 mule
756 1041 932 1119 sentiant.
991 1044 1067 1118 Sed
1089 1042 1127 1118 se
1139 1066 1177 1122 1¹5

129 1181 293 1255 quoque
307 1174 576 1256 praeceptores
585 1158 742 1231 'intente
756 1184 798 1231 ac
810 1155 986 1235 modeste
997 1158 1132 1234 audiri

130 1272 268 1345 velint.
298 1299 380 1348 non
399 1275 506 1346 enim
527 1271 676 1362 judicio
695 1270 983 1373 discipulorum
998 1273 1130 1349 dicere

131 1383 250 1460 debet
266 1386 462 1486 magister,
479 1386 546 1462 sed
562 1385 747 1486 discipuli
765 1385 948 1487 magistri.
1008 1390 1130 1494 Quin,

130 1497 161 1575 fi
190 1498 276 1576 fieri
303 1502 447 1602 potest,
482 1502 750 1578 intendendus
774 1504 936 1578 ¹animus
972 1505 1016 1577 in
1053 1504 1130 1580 hoc

133 1641 316 1717 quoque,
346 1633 393 1691 ut
413 1617 620 1717 perspiciat
642 1643 742 1716 quae
756 1619 947 1716 quisque,
976 1634 1015 1692 et
1031 1645 1135 1717 quo·

131 1730 256 1808 modo
284 1731 437 1806 laudet:
478 1750 516 1806 et
543 1733 714 1832 placere,
750 1757 851 1831 quae
883 1734 980 1806 bene
1009 1733 1133 1823 dicet,

130 1868 217 1923 non
238 1843 310 1922 suo
330 1850 452 1947 magis
478 1873 597 1946 quem
618 1873 758 1927 eorum
780 1848 945 1922 nomine
966 1843 1182 1923 delecte·

131 1975 219 2051 tur,
240 1963 312 2061 qui
326 1980 428 2036 recte
446 1962 690 2055 judicabunt.
748 1967 896 2038 Pueros
909 1959 1181 2077 adolescen-14

132 2077 241 2154 tibus
258 2076 390 2151 sedere
403 2079 629 2177 permixtoS,
647 2103 731 2151 non
744 2078 871 2175 placet
885 2076 996 2150 mihi.
1027 2050 1134 2152 Neim

133 2191 281 2267 etiamfi
305 2194 369 2266 vir
394 2195 499 2279 talis,
535 2195 694 2291 qualem
714 2189 786 2266 effe
812 2208 970 2291 oportet
994 2189 1134 2268 studiis

132 2309 395 2408 moribusque
423 2306 707 2408 praepositum,
745 2305 961 2383 modestam
990 2278 1135 2382 liabere

1227 1814 1240 1853 l

200 2569 339 2625 dicere-
355 2591 426 2644 mag.
450 2534 541 2625 Guelf.
558 2569 727 2645 praepostera
741 2570 872 2644 scriptura
887 2570 975 2642 legere
985 2598 1025 2611 -
1040 2588 1113 2642 mag.

135 2769 243 2825 tionem
272 2767 379 2823 [abulae
403 2784 558 2843 comparat,
587 2784 615 2823 et
655 2769 795 2831 „ducnnt,
823 2769 955 2843 respirare
982 2766 1043 2822 ullo
1063 2767 1136 2829 loco,

136 2854 170 2909 nd
186 2852 258 2907 niv.
274 2869 302 2912 2,
318 2864 335 2924 4
353 2870 433 2914 „utar
448 2874 478 2908 ea
493 2851 615 2927 clausula
657 2853 726 2927 „qni
742 2852 961 2909 acclamationem
980 2871 1036 2905 non
1054 2854 1138 2926 petie·

136 2957 212 3011 „qun
228 2936 327 2992 [oleo.·⁴
349 2943 418 2991 Item
437 2936 517 2991 limili
530 2936 615 2991 modo
658 2938 743 2998 „rit-‘⁴
781 2940 825 2991 Eo
849 2937 936 3016 igitur
958 2936 1058 2991 morbo
1081 2939 1136 3008 jum

135 3021 618 3094 noster11.3‚131„Hujruqnm
658 3022 789 3077 discente·
825 3020 855 3074 in
886 3020 983 3074 scholis
1019 3021 1137 3076 infectos

137 3125 211 3181 „qne
229 3103 285 3159 toci
307 3105 429 3179 clausula
447 3109 476 3159 tit
493 3105 616 3159 eadem‘·
658 3106 787 3159 ditrinnu
808 3123 844 3161 ex
865 3106 957 3158 nostro
978 3102 1048 3158 loco.
1076 3102 1139 3159 .Est

137 3206 168 3246 et
198 3189 259 3243 loeo
288 3189 317 3242 in
348 3191 446 3264 primis
474 3188 616 3243 manifesto
659 3188 732 3263 apud
755 3191 881 3242 Senecam
905 3202 1010 3262 patrem
1030 3188 1136 3261 peip.

136 3278 240 3331 Seneca
254 3274 337 3347 Epist.
348 3289 385 3338 77
402 3274 449 3348 (p.
467 3289 535 3340 270.
552 3270 616 3328 Vol.
664 3273 720 3336 rtifi
744 3271 777 3323 ad
794 3271 900 3325 dictum
924 3270 1038 3342 aliquod
1061 3270 1140 3348 inge·

138 3373 170 3427 3.
199 3358 278 3431 Bip.)
307 3357 473 3430 „Quomodo
504 3356 618 3430 peltata,
659 3357 767 3411 uiofum
796 3353 1043 3415 „scholiasticornm
1069 3357 1141 3413 [rito-

136 3445 194 3504 „fio
208 3443 268 3499 rita
282 3472 323 3487 ·-
340 3461 506 3513 quocunque
522 3440 617 3509 (loco)
660 3459 741 3503 „mus
765 3440 878 3517 [ragon‘
906 3438 1041 3493 nimirum
1064 3437 1141 3513 plau·

94 3560 99 3571 ·
136 3523 247 3588 „voltu
268 3525 371 3580 denne:
395 3525 619 3578 runtnmbonam
661 3524 798 3579 dentium.
830 3520 889 3577 vid.
904 3537 931 3576 et
948 3542 974 3595 p.
993 3518 1070 3585 266}
1090 3521 1142 3577 ubi

136 3607 309 3683 „clausulam
323 3611 465 3683 imp‹··ne.“
486 3610 619 3665 Oratores
660 3609 772 3688 gemina
790 3604 994 3680 Quintilianus.

139 3709 234 3749 ιιιιοιιι
257 3694 286 3746 in
301 3693 428 3766 dausulis
444 3693 564 3747 maxime
579 3712 620 3745 ca-
703 3692 755 3753 itt,
782 3708 840 3743 nou
868 3691 1013 3745 antemio
1035 3688 1142 3763 judicio

137 3777 225 3856 ptail'e
241 3778 371 3855 argutias,
386 3778 517 3856 signifieat
531 3776 620 3830 noster
661 3774 853 3855 praeceptoris.

139 3872 283 3934 3‚5,15.
304 3871 349 3933 ¹4·
374 3861 445 3923 „Sed
460 3880 535 3915 nnnc
548 3859 621 3914 illud
703 3880 772 3936 quae
786 3889 827 3905 -
843 3872 870 3913 et
885 3858 1019 3933 quomodo
1037 3858 1139 3914 laudet.

138 3945 265 4011 „volunt
280 3962 310 3998 ut
325 3975 368 3991 -
381 3947 473 4001 omnir
488 3946 577 4001 sensus
591 3946 622 3999 in
664 3945 710 4001 ste
723 3948 810 4001 Lutto
829 3942 901 4018 apud
923 3945 1052 3997 Senecam
1068 3958 1142 4018 patr.

139 4033 216 4095 „fine
248 4031 379 4085 sermonis
409 4030 490 4084 feriat
518 4029 621 4084 nuum.
665 4051 694 4107 p.
710 4040 771 4103 234
788 4026 934 4085 invehitur
949 4024 979 4081 in
995 4025 1146 4105 discipulo·

138 4118 260 4191 „Turpe
280 4131 374 4172 nutem
395 4134 425 4170 ιο
445 4133 532 4191 prope
548 4114 625 4171 ιιοῐιι
668 4116 694 4173 ie
708 4114 799 4195 ipium
812 4132 897 4195 preve
910 4110 1061 4171 hunnus.

943 4366 951 4413 Ι
