2596 4710
250 339 374 413 msr.
399 340 609 413 omrou.
636 343 727 412 mu.
750 342 817 428 m,
846 364 901 413 tt.
1004 346 1078 433 οη

78 552 171 630 per,
211 543 279 602 aut
303 544 425 618 certe,
460 526 488 604 fi
515 527 666 626 digressi
695 526 911 618 fuerimus,
945 526 1081 605 saltem

79 640 351 743 respiciamus,
393 670 444 720 ne
467 642 651 745 plausum
679 639 949 719 allectantibus
975 671 1082 721 arma

80 756 272 833 excidant.
331 760 538 837 Theodori
558 758 709 848 schola,
744 775 791 836 ut
815 758 918 847 dixi,
946 762 1082 835 onmia

81 872 201 949 refert
231 872 281 947 ad
312 880 452 975 capitu.
533 879 605 951 His
634 876 750 975 plura
778 875 1131 975 intelligunturtey

82 1015 167 1064 uno
194 988 318 1065 modo
339 986 492 1067 summa
515 990 713 1090 quaestio,
753 991 850 1065 item
875 1006 922 1066 ut
944 987 1083 1080 statum

82 1106 206 1179 altero
227 1121 393 1193 ceterae,
422 1132 523 1207 quae
540 1105 590 1180 ad
612 1104 806 1181 summam
829 1102 1081 1181 reseruntur:

83 1222 199 1295 tertio
228 1218 444 1320 propositio
473 1248 567 1295 cum
593 1220 888 1309 affirmatione,
914 1236 960 1296 ut
983 1220 1083 1297 dici·

81 1359 183 1422 mus,
217 1336 348 1431 Caput
368 1343 425 1411 rei
444 1328 504 1441 est
520 1337 648 1438 (apud
661 1334 945 1421 Menandrum,
973 1335 1082 1428 κεφά·
1144 1332 1152 1351 ’

80 1447 175 1524 λαιόν
194 1450 316 1551 ἐστιν).
374 1454 422 1527 ln
446 1449 679 1528 uuiversum
701 1467 852 1538 autem,
880 1448 1083 1551 quidquid

81 1624 234 1697 quidquam
249 1630 390 1701 proficiet.
411 1630 457 1686 vel
471 1649 535 1685 eum
551 1629 650 1688 Altlina
667 1631 836 1692 inversione,
858 1645 886 1686 et
902 1632 989 1707 potest
1006 1628 1082 1685 alind

80 1709 137 1763 elio
152 1710 258 1767 referri.
436 1714 538 1789 saltem
555 1714 733 1789 respiciamus.
775 1714 909 1792 Tunes.
926 1720 1084 1789 recipiamus

81 1812 146 1849 cum
168 1795 243 1848 Alin.
288 1798 420 1855 Confusio
440 1818 496 1851 non
521 1798 681 1873 infrequens
702 1800 846 1873 reeipiendi
866 1816 894 1853 et
916 1798 1084 1874 respiciendi.

80 1877 140 1932 viri.
155 1879 221 1934 Liv.
242 1896 290 1942 21,
304 1892 353 1955 44,
371 1892 391 1950 8
406 1882 449 1937 erl.
465 1881 607 1939 Drakenb.
776 1880 953 1959 ¹referrentur.
997 1882 1084 1937 Goth.

80 1968 152 2031 (tae.
175 1966 276 2039 (iesu.)
298 1966 450 2039 referantur
472 1984 537 2021 eum
556 1964 631 2021 Vols.
649 1980 675 2017 e.
697 1979 724 2017 et
745 1964 806 2018 edd.
830 1966 900 2021 meir
920 1981 982 2019 unte
1005 1964 1084 2021 Balil.

81 2047 232 2109 omnibnt.
261 2047 339 2103 male.
517 2066 546 2105 ut
567 2050 678 2104 dicimus
695 2050 794 2121 Caput.
836 2048 882 2104 stc
899 2068 994 2103 omnes
1018 2049 1085 2105 libri

81 2146 190 2207 praeter
209 2134 277 2189 nat.
299 2135 346 2187 sec.
370 2132 479 2187 Cerric.
496 2148 523 2187 et
541 2134 609 2187 dites
628 2131 706 2187 naut.
727 2132 822 2186 duriter
845 2153 871 2186 u.
894 2134 1012 2187 diximus
1037 2137 1084 2194 C..

81 2217 202 2293 pessime.
245 2216 337 2272 Habet
352 2231 444 2271 tamen
459 2218 578 2272 eundem
596 2236 718 2271 errorem
733 2236 749 2269 a
765 2216 879 2271 secunda
893 2236 977 2271 manu
987 2220 1083 2275 Turie.

128 2386 197 2425 certe
220 2398 261 2415 -
278 2368 387 2445 saltant.
419 2370 479 2424 vid.
503 2384 563 2425 not.
604 2369 680 2444 poss'e
709 2367 897 2425 Menandrum
932 2368 1084 2432 rhetorem,

85 2455 157 2511 crit.
176 2453 284 2529 semper
299 2470 348 2509 eet
363 2471 441 2509 certe.
606 2454 730 2515 dixisset,
752 2456 831 2525 crtjut
853 2453 991 2509 rhetorica
1010 2470 1086 2509 exta·

126 2554 156 2593 ut
177 2541 245 2594 «lixi.
286 2538 322 2593 es.
344 2538 368 2606 i.
386 2554 415 2607 5.
446 2552 449 2563 ¹
606 2554 683 2598 rent,
707 2536 835 2593 Galliena
850 2537 883 2593 de
901 2540 1018 2595 Comieo
1037 2559 1087 2613 po·

126 2622 285 2699 prepofitio.
321 2626 387 2680 Non
403 2621 484 2677 aliter
498 2622 566 2677 haee
607 2622 801 2701 tius¹eogitare
817 2620 910 2693 jullit,
931 2626 1088 2697 proposuit·

83 2720 146 2760 vox
165 2706 282 2762 videtur
304 2708 461 2781 accipienda
490 2706 518 2760 li.
544 2705 564 2760 l.
606 2725 661 2779 que
681 2724 741 2758 eam
765 2705 839 2765 sere,
861 2722 944 2779 quam
960 2706 1087 2781 expressi.

83 2806 168 2863 quam
185 2792 264 2867 supra
279 2806 308 2861 3,
325 2812 353 2865 p,
372 2805 400 2859 5.
415 2788 565 2868 offimeutt'o
605 2788 975 2845 verbornmdiremtiouem.
1007 2792 1087 2847 Cete-
1127 2856 1130 2863 Ι

84 2874 122 2928 est
130 2875 258 2948 probatio
266 2876 564 2952 propositionir,qnom
606 2875 631 2926 ri
653 2874 766 2947 quidem
790 2890 903 2935 omnes,
933 2889 964 2929 nt
981 2890 1009 2928 et
1028 2874 1086 2947 ipse

84 2956 173 3013 πίστιν
202 2962 272 3014 dicit
300 2958 460 3017 Aristoteles
489 2959 509 3015 l.
539 2978 562 3013 c.
607 2960 704 3018 Getn..
720 2962 872 3031 „reputrei
885 2956 922 3033 ‘fi
937 2960 1086 3032 opudMe·

85 3044 255 3119 Exemplum
273 3046 303 3098 iu
318 3045 418 3120 primis
437 3060 564 3119 apertum
607 3043 771 3104 ..nandrunu
799 3049 878 3111 κιφ.“
903 3058 954 3096 eet.
997 3037 1087 3113 litori·

86 3142 115 3181 et
134 3129 248 3184 evidens
270 3130 404 3204 proponit
429 3132 450 3183 1.
473 3132 505 3185 C.
529 3130 563 3183 Τ.
606 3130 682 3182 ieret
714 3125 884 3180 vocabulum
919 3126 971 3181 else
1010 3129 1086 3185 ertit·

86 3212 215 3268 Erneliur
236 3216 271 3269 V.
288 3215 318 3269 C.
344 3234 370 3287 p.
393 3224 460 3283 ¹8⁰·
494 3215 565 3269 Lex.
608 3210 719 3268 Graecia
746 3208 908 3287 rhetoribus
928 3209 1011 3265 valde
1032 3211 1088 3265 sre-

86 3295 161 3352 rltet.
181 3301 275 3354 Graec.
298 3299 327 3352 in
349 3300 450 3371 κοφαλ.
479 3300 566 3360 ..Jure
607 3310 781 3370 quentatum,
796 3294 907 3367 eonfiat,
922 3310 948 3348 et
957 3294 1089 3371 plurimis

25 3378 31 3393 “
87 3382 195 3441 „occidi
216 3382 366 3440 Cloditnn··
385 3383 564 3456 (propositio)
607 3376 924 3455 exemplitmenisestttm
941 3380 985 3440 est,
1007 3379 1090 3435 velut

86 3465 279 3525 „oeeitlieuim
293 3467 499 3523 intimatorem·
511 3467 565 3535 (as·
606 3465 679 3539 apud
694 3468 900 3541 Hermogenem
922 3464 956 3517 de
978 3464 1089 3519 llutibut

86 3549 230 3624 firmatio).
605 3570 634 3623 p.
659 3565 687 3601 2.
715 3544 775 3625 erpi
796 3543 845 3607 riis
867 3540 921 3600 ’τὸν
944 3545 1090 3603 κολιτικῖν

128 3637 203 3707 apud
214 3634 397 3690 l'isurundrmn
406 3666 445 3679 -
459 3632 567 3693 leret.
608 3627 766 3707 ζητημάτων
786 3625 926 3709 itetpsrter
939 3629 975 3687 εἰς
995 3628 1032 3687 roi
1047 3637 1092 3688 λε·

85 3718 292 3798 Dissiugnemlo
308 3722 420 3793 paulum
434 3719 569 3789 edjuville
609 3716 711 3787 ye'ptttt
734 3712 938 3791 κεφιίλκια,
973 3718 1091 3792 aliitque

85 3802 189 3859 videor
219 3805 475 3879 interpretationem
513 3802 572 3857 loci
611 3820 638 3858 et
654 3801 774 3857 eliorum
792 3802 826 3857 tle
842 3802 945 3874 quibus
960 3800 1093 3859 ets-Lexi-

88 3886 285 3951 obsenrillimi,
306 3890 341 3943 ‹le
357 3910 412 3962 quo
434 3888 491 3963 poll
505 3886 569 3941 Gal·
611 3906 662 3941 eon
684 3888 790 3941 Ernesti
812 3886 983 3941 rhetoricum
1008 3888 1093 3941 Grae·

87 3972 178 4027 laeum
195 3974 453 4048 nemoquithuam.
496 3974 569 4027 Cntn
612 3969 749 4025 etnnlnv.
767 3970 1094 4026 Etiemlvlenamlerrlte·

88 4060 162 4111 enim
177 4058 341 4117 Turirebnt,
365 4060 412 4113 sub
427 4058 506 4129 cujus
521 4074 570 4109 no·
613 4072 658 4109 tor
686 4074 744 4109 non
771 4055 852 4111 semel
875 4055 929 4109 luto
953 4052 1092 4110 vocabulo

87 4142 164 4196 utine
195 4146 258 4218 quit
289 4143 462 4218 potsslimttm
488 4142 571 4195 laneut
612 4141 718 4201 utitur.
740 4140 861 4215 velntp.
879 4140 929 4207 63.
945 4138 1002 4209 (erl.
1022 4144 1094 4196 liee-

87 4226 117 4280 lr.
134 4226 153 4281 l.
171 4227 272 4305 ignoro
287 4227 427 4301 equidem,
450 4225 573 4305 intelligi
611 4230 694 4294 ten.)
717 4222 932 4295 inusurpatus
955 4222 1019 4281 tien
1041 4214 1100 4281 tint=
