2596 4710
307 354 454 429 '1Nsn
482 357 691 427 onarott
718 355 809 425 ΗΒ.
836 358 907 431 ΠΙ,
934 372 968 440 8.
1077 376 1149 449 587

154 570 249 621 curn
271 544 459 622 Ciceroni
484 543 666 620 dabimus
687 543 916 633 confilium,
955 558 1003 621 ut
1025 544 1153 623 Anto·

153 666 256 735 aium
279 678 411 767 roget,
440 661 506 734 vel
533 661 655 749 etiam¹
675 676 720 735 ut
734 659 973 761 Philippicas
992 658 1072 757 (ita
1091 663 1153 736 vi·

153 792 234 849 tam
258 776 473 877 pollicente
497 780 570 875 eo)
596 792 756 863 exurat,
785 802 871 852 non
893 774 1154 874 cupiditatem

151 891 254 967 lucis
271 892 527 993 allegabimus
557 892 677 988 (haec
695 894 804 967 enim
825 889 855 965 st
877 892 984 966 valet
1003 891 1048 964 in
1063 893 1155 965 ¹ani-

149 1031 220 1082 mo
249 1011 352 1101 ejus,
402 1007 622 1082 tacentibus
653 1032 818 1107 quoque
848 1008 967 1083 nobis
1003 1006 1153 1104 valet),

148 1118 236 1211 sed,
286 1137 334 1196 ut
357 1120 397 1195 se
424 1122 665 1222 reipublicae
692 1120 837 1211 servet,
888 1121 1152 1197 hortabimur.

148 1238 232 1311 Hoc
254 1236 318 1310 illi
344 1262 447 1337 opus
475 1235 530 1311 est
555 1235 774 1327 occasione,
814 1263 865 1311 ne
890 1262 985 1311 eum
1010 1238 1198 1332 talium47
1236 1280 1240 1289 ·

96 1374 316 1451 ¹tuprecum
334 1352 493 1453 pudeat
551 1358 601 1429 Et
621 1354 665 1433 C.
690 1351 843 1431 Caesari
862 1350 1070 1429 suadentes
1092 1378 1156 1427 re·

145 1581 274 1637 ambitam
294 1580 324 1638 b.
344 1602 369 1638 e.
390 1582 594 1651 esiectetiouem
614 1582 731 1660 peritiae
749 1600 848 1639 rerum
870 1582 905 1637 ad
925 1595 998 1637 attee
1012 1574 1154 1656 pertinen·

146 1666 258 1737 tium);
280 1666 340 1727 sed,
360 1668 494 1740 quoniam
508 1666 661 1725 ridiculum
676 1666 843 1727 videbatur,
863 1665 1041 1721 ambitiosum
1063 1664 1156 1739 appel·

144 1746 198 1803 lari
213 1768 287 1809 enm,
307 1752 359 1825 qui
373 1753 476 1806 recusat
489 1752 586 1806 audire
599 1769 736 1827 nequem,
753 1744 862 1805 'molliit
876 1749 1046 1805 vocabulum
1063 1749 1156 1812 solito,

144 1832 176 1887 in
191 1831 302 1893 talibue.
324 1832 523 1896 addimento,
543 1837 627 1890 velue.
663 1834 862 1892 contufiooem
871 1828 923 1887 eiii
936 1832 981 1888 vel
995 1834 1104 1888 otuelur
1116 1833 1156 1888 sa·

144 1912 279 1971 ciiiimam
292 1916 460 1973 demonsiret
467 1917 609 1974 Drakenb.
624 1917 732 1973 cdliv.
748 1916 797 1977 26,
807 1932 856 1983 57,
872 1930 901 1983 5.
922 1919 968 1971 De
978 1919 1027 1970 usu
1038 1916 1092 1970 hoc
1105 1914 1156 1971 eci

143 2002 220 2057 velat
235 2001 272 2055 cf.
284 2002 367 2056 nosir.
384 2014 413 2063 a,
423 2016 451 2070 7.
461 2013 491 2070 6.
659 2001 689 2057 C.
701 1997 818 2078 Caesari.
843 1999 890 2055 Sic
905 2004 976 2069 (ιιοιι
992 2002 1059 2071 Caio
1075 1997 1153 2076 Caes.

188 2207 247 2241 eum
256 2180 631 2259 Ciceroni-exaratstcso·
671 2182 786 2261 piditoti
806 2186 897 2249 vitae.
935 2199 964 2241 et
984 2186 1154 2261 insperatrun

139 2267 225 2333 „lem
240 2300 281 2313 -
298 2270 447 2327 scholastici
466 2271 631 2327 declamato-
671 2272 792 2325 nitorem
808 2270 947 2327 consciscit
962 2270 1062 2332 oratio,
1083 2288 1155 2344 quae

147 2373 210 2415 „ree
226 2375 338 2430 ponere,
359 2355 505 2411 Deliberat
521 2356 629 2415 Cicero,
671 2353 743 2409 nihil
767 2353 851 2409 lubet
871 2354 1037 2435 elegantiae.
1058 2355 1154 2429 siper-

148 2459 202 2500 ..ιιι
232 2442 414 2514 promittente
436 2439 549 2495 salntem
573 2446 629 2495 An·
670 2438 816 2517 vulgatam
836 2436 911 2514 apud
931 2438 1099 2495 recentiores
1114 2440 1154 2494 al·

149 2523 259 2585 ,‚tonio,
281 2526 422 2579 orationes
444 2526 502 2578 suat
519 2523 632 2578 combu-
673 2525 785 2597 legundi
819 2523 980 2598 potestatem
1017 2537 1152 2579 tenemur.

148 2614 238 2667 ..τιν’
279 2610 380 2663 Seneca
400 2623 479 2682 pater
509 2628 537 2681 p.
569 2608 629 2681 Bip.
672 2604 803 2661 Procedit
824 2622 917 2662 autem
940 2604 1008 2661 baec
1028 2606 1101 2660 ratio
1122 2607 1153 2661 in

149 2704 200 2755 37.
222 2692 302 2759 cuiue
317 2690 335 2743 6
351 2706 379 2744 et
396 2707 413 2756 7
430 2692 631 2745 strasoriaosunt
673 2690 805 2745 omuibus
837 2690 923 2745 noliri
952 2693 1044 2765 operia
1069 2688 1151 2751 locit.

149 2773 185 2825 de
201 2773 336 2827 Cicerone
355 2788 385 2826 ct
405 2774 440 2826 de
455 2774 507 2826 hac
521 2774 576 2846 ipsa
590 2791 629 2827 re.
671 2772 753 2826 velut
769 2784 804 2846 4.
828 2796 862 2835 1,
887 2788 934 2842 13.
960 2772 1015 2839 163
1039 2775 1087 2829 etsi
1103 2772 1155 2831 ob·

148 2858 250 2911 Seneca
264 2870 356 2909 temen
369 2857 632 2926 „llrtjue·‘ait‚.lna-
671 2855 787 2916 scuriue.
809 2856 913 2917 sateor,
936 2871 964 2922 7,
985 2866 1015 2931 4.
1038 2873 1087 2915 21.

148 2939 257 3001 „suriae
277 2937 392 2994 alteram
415 2953 524 3014 partem
544 2940 630 2993 nemi·
712 2938 857 3015 occafiooe.
899 2942 1150 3014 capperonnerins.

149 3042 232 3085 ..nem
252 3023 306 3079 scio
320 3022 506 3078 declamasse·
524 3042 553 3098 p.
568 3034 618 3095 4¹·
671 3024 731 3096 posi
744 3042 864 3100 eumque
879 3024 1023 3085 Gesnerue.
1039 3044 1054 3079 e
1068 3026 1152 3080 Grac·

190 3109 377 3183 allegabimus.
406 3108 482 3163 Cave
495 3108 631 3182 interpre-
672 3125 769 3161 corum
820 3107 967 3162 rhetorum
1011 3108 1151 3165 vocabulo

149 3193 233 3248 terit:
271 3190 506 3252 memorabimue.
536 3192 631 3247 assere·
671 3184 780 3267 ἆφορμιὶ
793 3190 1090 3248 lrocmutuosttmtum
1100 3212 1152 3267 pu·

148 3294 222 3332 mue.
253 3280 382 3350 Allegare
398 3292 494 3353 graece
507 3274 543 3330 esi
556 3294 632 3353 uper·
672 3291 746 3339 tantt
769 3290 797 3331 et
813 3278 933 3352 apposite
949 3280 971 3331 l.
988 3280 1020 3334 C.
1035 3276 1091 3333 Th.
1099 3281 1151 3332 Er·

148 3360 261 3430 eleseu
283 3362 338 3417 leil.
359 3360 470 3457 φιλινςι
514 3360 631 3417 Mittere
671 3360 760 3415 aestua
777 3362 855 3415 inb.
873 3381 902 3415 v.
917 3362 984 3415 citat
999 3360 1150 3437 Ulpianum

148 3446 183 3499 ad
200 3445 320 3519 aliquem
335 3447 447 3506 amicos,
463 3442 629 3518 quialiquid
671 3442 706 3499 ad
747 3444 892 3501 Demostlt
931 3446 1149 3503 Androtianam.
1243 3496 1246 3503 .

149 3530 372 3604 eipersuadeant,
386 3527 552 3605 precibueet
565 3546 630 3583 con·
669 3525 841 3589 &counire
870 3523 1034 3601 φαίνεται’
986 3525 1148 3635 topieup.

147 3612 215 3669 stliie
227 3613 262 3668 ab
279 3632 311 3668 eo
326 3627 496 3693 expugnent.
526 3612 629 3669 Muto·
670 3606 736 3668 δυ’
709 3634 749 3668 ecs
766 3608 820 3693 ycip
833 3609 881 3669 neci
900 3609 965 3669 lr‘
948 3610 1002 3669 cni
1003 3634 1053 3691 peu
1070 3607 1149 3692 elpri'r

147 3696 219 3752 hanc
246 3698 471 3776 fignificationem
492 3698 627 3773 exemplie
668 3690 803 3775 ἆφιραιίς.
846 3699 930 3757 Videt
959 3693 1080 3774 ἆφιραιὶι
1107 3720 1150 3753 ea·

147 3782 351 3837 demonstrati.
362 3784 408 3836 lin
415 3782 579 3838 Gronovius
593 3780 628 3837 ad
668 3780 732 3837 dem
748 3782 829 3857 plane
841 3786 970 3857 potesiate
983 3786 1149 3859 usurpatam.

147 3866 287 3933 1.iv.36.
313 3886 359 3925 ιι.
384 3887 409 3920 ι.
434 3866 503 3921 adde
526 3869 561 3922 L.
582 3869 628 3923 Se·
668 3869 830 3940 qnanrsiro
843 3866 905 3921 loco
919 3866 1098 3943 occasionem,
1112 3868 1149 3922 est

148 3969 244 4004 necam
260 3950 294 4004 de
307 3950 402 4006 Renes.
418 3964 448 4017 5,
465 3963 513 4019 25.
527 3971 555 4025 p.
566 3965 627 4026 299
668 3951 739 4006 ratio
762 3952 813 4008 sese
834 3950 1015 4027 expediendi.
1039 3952 1148 4007 honesta

147 4034 232 4097 ..Diis
264 4052 377 4107 quoque
401 4035 568 4089 Homericae
594 4036 629 4089 il·
669 4034 778 4111 specics.
817 4037 862 4090 Sic
879 4037 936 4091 sere
953 4050 981 4091 et
1004 4034 1041 4100 6,
1064 4058 1097 4099 ι.
1118 4046 1147 4104 5.

143 4118 194 4190 „le
226 4119 346 4173 sacerdot
375 4119 479 4193 allegat
510 4119 628 4174 officim·
673 4134 720 4182 ιιι.
747 4138 792 4181 ιο.
817 4134 863 4189 13.

146 4206 190 4259 lta
202 4202 231 4259 lt.
248 4201 268 4259 l.
282 4204 396 4279 persona
411 4203 569 4281 imponitur
582 4222 629 4261 ca·
712 4206 742 4261 C.
753 4203 861 4284 Caesari
874 4226 1046 4281 -regaam-
1066 4202 1149 4263 ebai-
