2596 4710
164 354 240 430 554
400 341 458 410 Μ.
482 341 584 409 FAB.
611 334 928 430 QUINTmANI

164 547 254 605 tum
272 526 346 617 est,
382 526 580 629 praedicta
603 523 817 625 pernicies3
855 535 897 596 et
915 522 1099 623 corporis
1125 546 1168 597 ae

163 643 351 722 fortunae
388 641 628 743 quibusdam
664 638 766 713 mala
802 653 1077 728 contemtum,
1121 653 1167 714 ut

164 757 365 836 Thersitae
389 774 506 857 atque
530 761 616 845 Iro;
662 753 902 854 quibusdam
926 754 1034 841 bona
1057 756 1167 828 vitiis

164 891 351 974 corrupta
376 872 518 950 udium
538 870 777 959 attulerunt;
812 885 858 945 ut
872 871 1000 943 Nirea
1026 866 1167 944 imbel-

163 990 263 1078 lem,
297 986 538 1062 Plisthenem
562 985 835 1086 impudicum,
862 1010 885 1059 a
908 960 1167 1085 poitis-acoe·

161 1232 196 1272 nt
211 1214 251 1292 est
267 1216 404 1273 reseratur
417 1216 451 1272 ad
467 1219 591 1292 sequens.
631 1214 727 1271 Turio.
742 1214 905 1275 traditura,
925 1233 942 1268 ι
956 1213 1165 1270 secundatum

162 1303 247 1357 tradit
266 1323 291 1357 e.
511 1319 592 1377 atque
615 1302 667 1355 lro.
710 1296 803 1355 Guell.
825 1300 864 1353 At
886 1319 949 1354 vero
971 1319 1038 1354 cum
1060 1298 1164 1359 codd..

162 1402 195 1438 nt
208 1386 338 1447 videtur,
358 1382 507 1447 omnibut,
529 1389 576 1440 etsi
592 1385 666 1443 Vols.
688 1385 801 1439 silentur
825 1385 958 1439 aBurm.
981 1383 1033 1456 qui
1049 1382 1165 1438 sanede·

161 1469 244 1524 bebat
265 1488 312 1524 eoa
336 1469 465 1524 facientes
489 1490 553 1524 cum
584 1472 630 1524 sue
658 1468 791 1543 scriptura
812 1486 1033 1523 commemorare
1057 1468 1162 1522 diserte.

160 1553 232 1608 Edd.
248 1554 317 1609 item
332 1572 429 1609 omnes
445 1570 507 1610 ame
515 1554 699 1613 Obrechtum.
741 1553 797 1609 Hie
809 1553 919 1627 primus
931 1552 1010 1606 dedit
1023 1552 1161 1615 nostrum

131 1656 137 1673 ¹
160 1638 328 1693 sreCodire
345 1639 402 1699 sno,
421 1640 567 1712 praelianti
581 1637 648 1702 illo:
669 1641 710 1693 sm
724 1656 762 1693 ex
774 1637 897 1715 ingenio.
915 1635 1034 1693 multato
1053 1635 1161 1691 landem

160 1739 286 1777 meretur
305 1722 445 1777 verissima
470 1726 643 1795 conjectura,
664 1740 748 1795 quam
769 1721 874 1795 recepit
896 1720 955 1796 post
978 1738 1043 1775 eum
1064 1724 1160 1775 Burni.

160 1826 224 1860 cum
240 1806 369 1860 Rollinua
386 1807 508 1879 priorem
530 1808 691 1880 scripturam
711 1806 872 1859 revocasset.
916 1808 992 1863 Cum
1006 1808 1102 1861 Burm.
1121 1804 1159 1859 sa·

160 1891 240 1944 cium
263 1892 379 1964 Capper.
404 1896 483 1958 (nou
504 1891 638 1953 assecutus
657 1890 847 1964 praestantiam
870 1892 945 1961 ejus,
983 1905 1016 1946 ut
1036 1888 1157 1951 videtur.

160 1993 226 2029 cum
242 1976 337 2029 rursm
352 1991 445 2049 erepet
457 1974 499 2029 ed.
510 1974 721 2050 Stepluniarnm
739 1976 823 2034 suam,
846 1975 956 2029 dantem
978 1992 1010 2031 at
1024 1994 1097 2030 vero.
1123 1974 1156 2029 os.

164 2080 189 2119 ι,
214 2057 242 2121 6,
269 2074 305 2127 ι5
326 2059 484 2114 ludibrium
500 2060 601 2115 debent
618 2062 778 2115 Burmanno
792 2060 823 2112 in
838 2059 921 2133 Epist
939 2078 967 2134 p.
984 2062 1055 2127 ur.)
1079 2060 1155 2116 Gelu.

158 2145 220 2218 Bip.
251 2146 384 2223 Magnum
405 2142 488 2199 hebet
509 2143 777 2198 commendationem
797 2144 930 2217 scriptura
943 2142 1037 2198 nolin
1058 2163 1074 2197 e
1096 2162 1156 2199 cou-

158 2228 306 2289 einnitate.
327 2247 412 2301 quae,
435 2244 468 2282 ut
488 2247 557 2282 mox
573 2231 638 2282 sunt
650 2228 752 2284 Nireua
773 2243 801 2282 et
821 2226 989 2292 Plisthenen.
1016 2229 1059 2282 ita
1073 2228 1156 2284 ethio

157 2312 215 2364 duo
228 2313 315 2385 poscit
331 2312 467 2385 exempla.
510 2312 655 2383 Adjuvant
676 2332 735 2366 eam
756 2326 895 2386 praeterea
907 2312 967 2367 duo
978 2311 1157 2387 antiquissimi

43 2418 48 2425 ·
157 2395 248 2451 Godd.
267 2393 343 2448 Alm.
358 2408 387 2448 et
404 2396 499 2449 Turio.
514 2395 607 2449 dantes
623 2396 703 2449 luec:
726 2401 801 2472 atqui
811 2398 892 2467 fiere,
913 2397 944 2450 in
958 2396 1064 2471 quibus
1078 2414 1154 2454 verte

154 2476 283 2532 lectionia
296 2475 410 2555 vestigia
426 2476 510 2531 latere
526 2495 598 2534 tecte
617 2496 713 2534 monet
729 2485 842 2540 Bnrm.‚
864 2501 929 2535 cum
945 2483 1081 2537 Frauoim
1095 2499 1153 2558 pro·

154 2560 280 2617 lotarium
310 2559 375 2616 inde
404 2563 552 2617 extudisset
575 2566 811 2619 emendationem:
848 2570 924 2640 arqui
939 2565 1012 2636 fere.
1057 2567 1152 2625 Obiter

153 2646 278 2700 monebo
299 2665 352 2721 pro
367 2662 397 2701 nt
414 2662 477 2700 ante
496 2646 589 2722 Thers.
632 2649 725 2704 Gnell.
751 2664 778 2702 et
802 2653 898 2704 Turio.
921 2651 1063 2724 praeferre
1073 2655 1151 2725 Jtm.

153 2732 230 2803 qnod
246 2730 344 2804 placet.
388 2731 470 2804 Quod
487 2748 579 2784 autem
596 2737 623 2786 in
638 2753 690 2806 pro
706 2751 736 2786 ut
752 2736 831 2788 Gesn.
848 2750 942 2787 rnrrat
959 2735 1014 2790 else
1027 2735 1149 2792 irruenti.

151 2832 178 2869 et
192 2818 282 2874 lens..
303 2815 334 2867 in
348 2814 498 2888 posteriore
521 2815 644 2885 sallitur3
673 2819 703 2870 in
716 2819 810 2891 priore
833 2822 851 2872 li
874 2820 925 2878 eli.
947 2821 1027 2893 quod
1044 2820 1077 2874 in
1089 2838 1151 2875 neu·

150 2914 220 2952 tram
235 2913 345 2973 partem
362 2914 437 2954 oerto
451 2899 556 2961 dicam.
578 2901 673 2957 nullut
687 2901 849 2976 astipulatur
862 2902 943 2957 liber.

193 3084 340 3162 Tharfieae.
373 3084 406 3140 ll.
423 3101 457 3146 α,
479 3100 538 3139 212
554 3088 625 3160 seqq.
667 3086 801 3161 Thyestae
816 3087 907 3149 lilius,
943 3091 1032 3163 patris
1062 3089 1146 3166 epulit

190 3171 243 3224 Iro.
286 3171 382 3243 odyss.
404 3182 457 3238 ²8»
483 3171 624 3226 1—106.
668 3171 855 3247 appolitutab
868 3179 965 3229 Atreo.
1009 3174 1094 3232 Niltil
1114 3190 1148 3229 ta·

191 3255 283 3308 Nirea.
313 3253 391 3306 Iliad.
411 3270 437 3313 2,
458 3253 624 3320 673-75.
667 3275 734 3310 meu
759 3274 876 3328 utquam
899 3258 934 3312 de
957 3278 991 3313 eo
1015 3277 1146 3313 memora·

189 3336 358 3412 Plisthenem.
380 3340 413 3389 lu
428 3337 498 3390 hanc
513 3339 625 3412 scriptu·
668 3356 723 3399 tnr,
739 3341 813 3413 qnod
827 3340 862 3393 ad
877 3341 1146 3419 impudicitiamspe·

147 3440 206 3473 ram
231 3421 297 3476 libri
319 3423 494 3476 consentiunt
517 3441 623 3483 omnes,
666 3440 739 3487 ctet;
771 3443 833 3478 nam
857 3429 934 3497 quod
960 3427 1056 3489 Valle,
1087 3426 1143 3503 post

147 3523 211 3558 cum
236 3505 293 3557 levi
322 3522 411 3559 tamen
435 3505 622 3567 fluctuatione,
665 3527 784 3581 eumque
805 3512 927 3588 Regius,
956 3528 1070 3575 narrat,
1097 3530 1142 3587 per

146 3587 225 3641 velut
240 3590 335 3645 Turio.
350 3588 512 3664 plaifienem,
536 3591 621 3644 Goth.
665 3590 833 3647 adulterium
859 3595 939 3649 suillo
961 3600 1143 3675 Agamemno·

146 3686 175 3722 et
187 3674 259 3729 Jens.
281 3678 293 3738 (
301 3688 350 3727 tac.
366 3676 465 3740 Gelu.)
479 3673 622 3748 pliftinem,
663 3680 707 3730 nia
721 3691 748 3730 et
764 3676 883 3730 Menelai
899 3695 1023 3752 patrem.
1045 3682 1077 3735 id
1091 3684 1143 3736 stne

145 3773 209 3807 cum
231 3757 327 3812 multis
348 3758 410 3812 edd.
435 3773 523 3819 veru,
545 3779 622 3813 exce·
663 3778 775 3814 anctore
789 3761 924 3816 videntur
939 3766 1070 3838 prodere.
1112 3769 1143 3820 lu

143 3852 191 3911 pta
208 3842 310 3900 Tam,
334 3862 403 3914 qnae
420 3842 502 3897 habet
523 3844 620 3914 justam
663 3844 715 3898 hac
737 3864 830 3897 rernm
848 3845 995 3904 Plisthenis
1015 3850 1142 3928 ignomn-

143 3921 380 4000 orthographiam.
423 3930 460 3979 Et
487 3929 619 3981 novimus
664 3931 717 3988 tia,
746 3928 862 4002 probata
893 3932 951 3986 suit
974 3926 1140 4007 qdibusdam

141 4006 256 4079 quidem
272 4007 447 4071 Plisthenem,
471 4013 522 4085 qni
544 4031 620 4065 nune
661 4015 723 4071 VV.
753 4014 820 4067 DD.
850 4017 1026 4085 conjectura,
1065 4021 1141 4089 cnjus

140 4092 217 4145 Atrei
231 4089 320 4152 filine,
342 4108 421 4166 pater
435 4099 619 4173 Agamemno·
661 4113 802 4151 auctorem
818 4099 940 4172 suspicor
957 4103 1140 4159 Pliilandrnm

139 4177 224 4228 niret
243 4175 380 4235 Menelai,
401 4179 520 4241 dicitnr,
543 4200 619 4234 mmo
660 4182 732 4250 <nist
761 4183 834 4235 sorte
861 4184 919 4237 suit
939 4188 1087 4245 Brodaeua
1109 4187 1140 4243 ed
