2596 4710
340 312 461 380 INST.
488 313 696 385 ORATOR.
720 314 810 381 LIB.
835 314 909 398 III,
937 334 969 394 7·
1087 326 1160 407 549

155 497 307 573 virtute
319 494 412 575 sunt
431 498 655 576 consecuti:
682 498 796 597 quod
821 499 945 598 pietas
966 500 1158 601 principis

155 611 303 703 nostri,
345 614 608 715 praesentiunt
638 638 799 712 quoque
831 631 1058 713 temporum
1089 614 1157 688 de·

155 751 225 803 cus
253 724 358 803 fecit.
438 734 567 830 Magis
595 728 649 803 est
678 729 786 803 varia
815 732 900 804 laus
929 729 1154 804 hominum.

151 842 260 917 Nam
273 845 452 943 primum
468 845 666 921 dividitur
683 849 931 943 intempore,
960 843 1152 941 quodque
1162 867 1199 906 ¹⁰

150 971 244 1031 ante
266 957 456 1050 cocinit,
493 984 656 1059 quoque
681 957 758 1058 ipfi
784 961 991 1034 vixerunt:
1037 958 1156 1033 iniis

151 1087 304 1161 autem,
333 1078 406 1172 qui
428 1073 509 1153 fato
533 1073 793 1163 fantinum,
824 1076 942 1148 etiam
964 1072 1077 1172 quod
1099 1069 1155 1146 est

150 1182 386 1263 insecutum.
446 1193 547 1264 Ante
563 1190 772 1265 hominem
790 1193 927 1287 patrica
950 1214 992 1261 ac
1010 1214 1156 1286 paren·

150 1316 226 1391 tes,
265 1303 508 1404 majoresque
531 1320 668 1395 erunt,
705 1328 882 1403 quorum
905 1302 1054 1403 duplex
1077 1318 1154 1375 tra·

149 1432 275 1495 ctatus
313 1417 379 1493 est.
420 1436 489 1495 aut
522 1422 630 1494 enim
667 1416 904 1519 respondisse
939 1416 1151 1503 nobilitati,

148 1532 368 1631 pulchrum
382 1535 476 1624 erit;
507 1550 575 1611 aut
592 1534 790 1609 humilius
805 1558 929 1633 genus
948 1527 1151 1607 illustraffe

103 1643 272 1738 cgfactis.
329 1650 401 1723 Illa
415 1674 580 1750 quoque
595 1650 757 1724 interim
773 1673 821 1722 ex
838 1674 900 1735 eo,
927 1644 1040 1746 quod
1058 1662 1148 1720 ante
1159 1676 1194 1713 ιι

147 1759 280 1860 ipsum
304 1761 395 1853 fuit,
424 1781 604 1865 tempore
621 1765 848 1853 trahentur,
873 1786 975 1860 quae
987 1756 1151 1861 respon·

148 1874 197 1951 [is
217 1878 283 1951 vel
314 1882 492 1976 auguriis
518 1878 695 1954 futuram
725 1879 939 1977 claritatem
959 1871 1150 1976 promise·

148 1991 250 2067 rint:
293 2005 342 2066 ut
369 2016 483 2080 eutn,
520 1993 593 2089 qui
622 2017 670 2065 ex
701 1990 872 2065 Thetide
901 2002 1015 2065 natus
1044 1987 1147 2079 effet,

155 2176 158 2183 ·
207 2150 387 2228 suntcoascc.
428 2150 524 2207 Guclf.
540 2152 627 2207 Goth.
648 2146 713 2221 (tac.
729 2154 824 2220 Geso.)
854 2150 960 2223 (sodex
976 2152 1171 2207 correctione.

149 2255 214 2291 cnm
234 2256 249 2291 ι
268 2238 359 2312 prima
371 2254 456 2292 manu
471 2237 536 2292 edet
550 2238 755 2304 iudicarim)
781 2237 857 2295 Vcff.
872 2251 900 2290 2.
923 2254 986 2290 cum
1009 2235 1072 2290 ald.
1087 2236 1148 2291 Bas.

148 2320 221 2379 Obr.
236 2319 295 2399 fiat
315 2319 417 2396 consec.
442 2320 520 2395 quod
541 2322 570 2378 h.
589 2320 609 2376 l.
634 2322 693 2376 fane
711 2320 803 2396 aptius
825 2338 908 2395 quam
931 2318 1016 2373 modo
1037 2319 1082 2388 (d.
1098 2322 1148 2393 7.)

148 2408 306 2467 attulerint,
326 2406 462 2479 quoniam
482 2404 514 2461 iu
536 2404 641 2481 duplici
663 2422 763 2484 genere
781 2403 897 2458 deorum
913 2404 1000 2479 potest
1021 2404 1086 2485 effe,
1098 2403 1149 2457 ssu-

148 2486 264 2545 ctnatio.
472 2510 577 2566 quaqua
597 2486 649 2565 ipfi
666 2492 725 2544 cix.
766 2492 837 2548 qus.
859 2502 887 2542 ct
907 2488 968 2542 cdd.
990 2508 1065 2543 meac
1085 2501 1148 2542 ante

149 2573 311 2649 Gryphium
328 2592 425 2633 omncs
440 2574 563 2652 quodque
577 2577 596 2629 ι’.
610 2594 636 2633 v.
681 2572 784 2629 Codice
799 2572 941 2627 addicente
957 2570 1052 2635 nullm
1081 2570 1150 2625 alio·

147 2659 200 2735 qni
221 2676 279 2713 non
300 2660 454 2735 displiceat.
682 2659 754 2712 Anto
775 2656 845 2712 horn.
885 2654 1064 2715 Jensonianac
1087 2656 1148 2709 scri·

148 2757 231 2817 ptura
250 2744 404 2817 Aliquando
424 2745 467 2802 Ιι..
488 2758 570 2815 qatam
587 2740 615 2793 in
633 2738 685 2795 suia
700 2739 779 2794 libric
801 2739 944 2794 inventam
960 2734 1082 2792 correxit
1094 2740 1148 2792 Rc·

147 2826 221 2903 gius,
246 2844 281 2879 ne
297 2828 326 2878 in
340 2827 482 2879 Tarvitioa
501 2825 615 2896 quidem
632 2823 667 2875 est
688 2823 743 2889 (cf.
762 2838 795 2883 2,
820 2836 857 2888 5,
884 2822 950 2891 26.)
972 2823 1015 2877 sed
1030 2821 1100 2876 Anto
1120 2822 1147 2874 11.

147 2910 247 2963 diserte
260 2907 373 2989 legitur,
395 2922 428 2961 ut
443 2923 471 2961 et
484 2908 514 2960 in
529 2906 617 2961 codd.
634 2904 709 2979 quod
725 2905 759 2959 dc
773 2903 890 2960 vallona
907 2904 1020 2961 testatur
1031 2905 1147 2964 Badius,

147 2992 199 3068 qui
213 3010 336 3049 errorem
350 2990 453 3065 repetit
466 2991 499 3044 ab
513 2987 553 3043 αιῖ
567 2990 643 3063 quod
657 2988 759 3043 lectum
776 2982 859 3043 tuerit
876 2979 960 3065 adiqti.

213 3076 284 3153 resp.
306 3076 443 3133 nobilitati
481 3073 576 3131 Turio.
593 3090 620 3128 ct
636 3072 710 3129 alm.
731 3094 755 3128 r.
769 3073 917 3129 modicata.

188 3214 276 3290 piceas
296 3214 379 3287 princ.
402 3206 494 3285 nostri.
528 3209 629 3265 Domi·
667 3208 836 3271 ‚‚refcrtur.“
867 3208 903 3269 cs.
920 3205 1105 3285 Plin.l’ancg.
1122 3221 1147 3259 c.

147 3298 217 3353 ziani
232 3296 329 3358 „illius
343 3312 467 3351 aeternae
480 3295 566 3349 modo
578 3294 629 3368 qui
672 3314 719 3349 ιι.
747 3294 801 3351 Sed
815 3293 963 3353 ctJuliam,
978 3289 1039 3347 Titi
1052 3287 1147 3347 filiam.

146 3382 280 3445 „sacraria
301 3381 380 3459 genti
402 3378 552 3441 Condidit,
584 3380 626 3433 in·
665 3392 797 3455 apatruo
812 3372 1147 3449 codemqucamastocon·

146 3486 221 3540 ..que
238 3466 292 3519 alio
307 3465 399 3540 posuit
412 3465 457 3520 tua
470 3463 554 3521 [idern
566 3480 626 3517 coc·
667 3465 813 3524 [ceratam.
837 3475 969 3515 monento
990 3455 1145 3515 Dodwello

146 3548 214 3613 ..10⁴¹
234 3550 337 3605 Statius
352 3549 431 3622 Sylv.
451 3561 480 3616 5,
504 3568 531 3608 ι,
554 3556 625 3619 ²4¹·
667 3549 755 3620 (§.24
763 3548 923 3621 Ann.Qu.).
942 3541 1146 3599 ostenditaum·

149 3648 179 3691 Ω.
207 3632 344 3689 Flavialec
363 3633 513 3688 [acerdotea
529 3630 626 3686 consti-
666 3650 730 3685 mus
753 3648 848 3686 acrem
871 3626 945 3703 apud
960 3626 1090 3685 vatiaum
1110 3623 1145 3678 ad

149 3718 206 3773 tuit
222 3717 306 3771 idern.
345 3722 420 3771 suec
440 3719 527 3771 Dona.
550 3734 574 3770 c.
594 3724 624 3785 4.
667 3713 944 3771 Sueton.1)omit.c.
965 3720 1010 3781 ¹8·

148 3803 216 3856 item
238 3800 351 3855 Flaviae
378 3800 516 3875 templum
534 3800 625 3878 gentio
706 3796 811 3873 duplex
825 3813 965 3853 tractatur.
1006 3794 1082 3849 naec
1095 3792 1146 3853 vi·

148 3886 282 3941 excitavit
293 3894 352 3951 c.5.
373 3886 495 3939 Fortass'e
505 3882 629 3959 lutcpcr·
671 3884 777 3938 ctoriae
793 3882 827 3935 ad
840 3879 951 3936 Aristot.
965 3878 1050 3936 Rhct.
1069 3897 1096 3938 ι.
1118 3896 1147 3949 9,

150 3971 222 4025 tinet
230 3966 292 4027 Val.
300 3968 388 4023 flacc.
400 3988 466 4030 ιη’.
480 3980 526 4037 ¹5·
548 3969 630 4023 Eusc-
672 3982 710 4035 δι
734 3966 801 4023 indo
821 3978 902 4040 putat
920 3978 1022 4021 mantuo
1045 3963 1148 4024 sumta3

149 4051 214 4110 bias
235 4054 265 4107 in
281 4050 441 4115 Chronico,
472 4054 631 4115 „Decretott
673 4050 718 4107 sed
745 4050 782 4105 cst
812 4048 953 4105 obscurior
981 4042 1134 4105 similitudo
1142 4062 1155 4097 a·

151 4136 192 4191 cit
213 4140 347 4199 „Senatus
369 4136 453 4193 Tituc
471 4137 544 4193 inter
566 4136 632 4193 dect
673 4128 725 4193 cicc
748 4131 774 4191 η’
792 4124 860 4206 ἕξω
880 4131 931 4189 asic
955 4128 1082 4211 τρυγόνων
1105 4120 1153 4181 καὶ
