2596 4710
361 315 973 418 -msr.ounronn1nr‚4.
1132 339 1179 430 ⁶7

155 514 382 621 'quomodo
407 548 517 601 nuno
539 522 725 602 scribitur
756 528 918 635 Uulgus
950 549 989 608 et
1020 537 1173 617 Seruus.

168 638 275 712 Sciat
299 639 417 713 etiam
442 640 629 718 Ciceroni
660 642 840 743 placuisse
863 650 961 722 Aiio
988 653 1173 730 Maiiam·

164 854 259 935 igitur
283 854 370 911 veliet
395 859 448 933 Qu.
470 855 509 936 ’ἦ
531 862 637 931 conjicit
658 859 702 912 uti
725 878 777 933 pro
802 860 931 936 exemplo
955 861 1092 939 inficientis
1113 836 1175 946 fibi

165 941 199 1002 1,
218 940 370 1020 cogebatur
390 940 502 997 obviam
529 943 570 996 ire
597 943 704 1002 errori,
734 962 791 1016 quo
807 944 953 1017 quiseffet
970 965 1119 1026 negaturus
1137 956 1167 1007 in
1238 979 1246 987 ·

162 1042 198 1078 ee
210 1044 282 1079 voce
298 1025 356 1080 duo
372 1026 423 1079 esse
439 1026 460 1079 1.
493 1027 607 1081 Rectius
625 1042 770 1101 propterca
788 1028 842 1082 hoc
859 1029 968 1083 fortasse
985 1031 1046 1086 loco
1063 1037 1170 1109 scripse·

160 1110 204 1164 ris
229 1113 335 1165 conicit.
376 1113 420 1164 Sic
436 1112 519 1163 ctiam
537 1125 665 1165 vetamur
680 1113 802 1190 cogitare
817 1113 853 1167 de
868 1116 881 1167 1
898 1117 977 1187 supra
991 1133 1091 1172 ceteras
1107 1116 1170 1178 lite·

160 1210 209 1249 nt
231 1195 387 1254 eminente,
415 1193 508 1267 quales
536 1195 659 1269 duplices
686 1197 794 1251 vocales
818 1194 923 1272 pariter
946 1215 972 1251 et
992 1203 1168 1260 consonantes

159 1276 252 1333 [olent
269 1277 348 1333 scribi
363 1281 391 1331 in
404 1281 460 1334 xtt
478 1279 588 1333 tabuiis.
612 1283 643 1332 Iu
661 1279 750 1333 vocali
770 1282 793 1336 U
811 1299 853 1335 ree
869 1281 962 1335 erdem
978 1285 1116 1339 manifesta
1133 1288 1169 1343 est
1246 1326 1253 1351 .

156 1364 218 1419 fine
243 1360 300 1417 utta
321 1363 496 1417 dubitatione
513 1383 548 1418 ex
569 1364 720 1419 recentiori
736 1375 815 1419 more
831 1364 966 1439 scribendi
984 1370 1105 1425 UULG
1116 1373 1181 1428 US'

156 1461 191 1502 et
225 1449 425 1508 SERUUS,
463 1467 528 1502 crim
565 1450 717 1521 antiquitus
755 1448 918 1504 scriberetur
952 1453 1165 1518 UOLGUs,

155 1532 345 1589 sssttvos
359 1531 451 1605 (quod
464 1533 564 1586 docent
581 1548 609 1588 ct
623 1532 712 1586 noster
727 1553 751 1588 c.
767 1548 794 1597 7,
812 1532 860 1588 26.
879 1550 906 1588 et
923 1535 1049 1591 Priscian.
1064 1559 1091 1613 p.
1102 1524 1173 1613 554¹
1196 1577 1204 1595 ,

152 1620 374 1679 ..Rornanorum
398 1646 439 1661 ·—-
461 1617 631 1671 vetustiffimi
653 1618 684 1671 in
707 1616 804 1672 multis
828 1617 1015 1681 dictionibus,
1037 1620 1100 1678 laea
1116 1619 1164 1686 riis

152 1703 220 1763 ..11.
240 1700 269 1759 0
291 1701 410 1777 posuisse
432 1701 617 1756 inveniuntur
637 1731 679 1746 -
700 1717 728 1756 et
753 1702 874 1757 maxime
895 1703 1036 1782 digamma
1052 1723 1164 1763 entere-

150 1784 260 1849 „dente
281 1814 319 1827 -
342 1799 374 1838 ut
383 1784 478 1860 seruos
492 1805 543 1859 pro
556 1783 666 1860 seruas,
689 1787 787 1859 uolgus
802 1805 854 1860 pro
870 1789 977 1862 ausgor,
1000 1792 1093 1846 Dauos
1107 1811 1160 1866 pro

151 1872 301 1933 ..Danas.“
330 1869 390 1925 vid.
417 1885 444 1924 ct
467 1871 612 1924 Donatum
627 1871 660 1924 ad
677 1870 811 1925 Andriam
830 1884 864 1938 3,
882 1881 911 1944 4,
935 1880 971 1939 t).
1015 1877 1106 1948 Quare
1128 1878 1160 1931 in

150 1952 258 2009 talibus
282 1954 469 2032 grammaticis
490 1970 617 2009 veterum
639 1953 706 2010 iocis
722 1968 792 2027 puto
810 1954 953 2028 dtrplexU
975 1958 1026 2011 esse
1042 1962 1160 2014 retinen.
1225 1950 1235 1965 ⁸

149 2039 225 2095 dum
250 2045 334 2107 (nam
356 2058 392 2091 ue
408 2038 551 2110 antiquius
568 2037 680 2111 quidem
699 2038 771 2092 iliud
787 2040 828 2099 V,
851 2038 926 2110 quod
945 2039 1032 2095 solnm
1049 2059 1158 2099 veteres

149 2137 266 2183 norant,
283 2124 343 2178 satie
358 2141 418 2175 rem
434 2121 600 2177 demonstret
614 2121 774 2197 aequalibus
790 2122 896 2183 nostris,
912 2125 1016 2197 quippe
1031 2144 1157 2199 procon-

148 2211 218 2265 sotte
230 2223 372 2280 acceptum
390 2206 569 2281 pierumque)
584 2221 617 2260 ut
631 2226 659 2261 ec
673 2207 754 2261 hicet
771 2206 795 2273 i.
814 2221 832 2271 7
850 2208 879 2259 in
895 2208 1070 2282 Quintiliano
1087 2213 1155 2277 scci3

146 2306 277 2349 osterum
293 2294 404 2363 sequeus
418 2290 635 2346 recentissimum
650 2306 678 2346 et
694 2289 841 2345 barbarum
861 2293 921 2346 sanc
937 2312 1043 2347 morem
1058 2293 1154 2370 (cairi

144 2392 180 2432 et
199 2374 251 2452 v),
280 2391 310 2429 ut
332 2377 623 2452 magis‘perspicunm.
668 2381 749 2431 Recte
769 2389 860 2429 autern
885 2396 937 2429 nos
958 2378 1155 2452 interpretatos

145 2465 178 2516 in
196 2459 230 2535 se
250 2459 323 2534 ipsas
345 2465 429 2518 coire,
451 2460 623 2514 mauisestum
639 2461 675 2515 est
688 2459 750 2513 loco
766 2461 850 2513 modo
866 2462 948 2514 citato
964 2482 986 2514 c.
1003 2477 1031 2530 7.
1049 2463 1088 2517 26
1104 2464 1155 2519 ubi
1211 2454 1221 2475 '

143 2564 203 2621 pro
218 2564 253 2599 eo
267 2545 302 2597 est
317 2549 343 2597 in
360 2565 438 2597 nuum
449 2542 548 2618 sonam
562 2543 706 2619 coalescere
720 2560 747 2597 ec
759 2543 897 2617 confundi,
913 2547 1072 2618 cujusmodi
1085 2549 1155 2621 quid

144 2628 234 2685 habet
250 2630 332 2683 etiam
343 2626 515 2683 Cassiodorus
528 2649 570 2703 ap.
580 2628 688 2684 Putsch.
703 2647 731 2701 p.
741 2641 832 2701 2292.
856 2628 948 2684 Omne
962 2630 1075 2702 quidem
1090 2632 1154 2694 hoc,

143 2713 228 2788 quod
256 2730 363 2788 quaeret
386 2712 506 2790 diligens
528 2712 577 2767 ille
597 2713 766 2787 Quintiliani
788 2711 1007 2775 Grammaticus,
1039 2712 1153 2789 planum

140 2800 212 2859 fiet,
233 2800 253 2852 fi
266 2797 437 2871 reputaveris
452 2799 629 2852 consonantes
645 2798 733 2852 fieris
749 2811 778 2851 et
791 2797 833 2856 U.
855 2795 897 2850 sed
912 2796 942 2849 id
956 2797 1047 2871 ipsum
1065 2800 1152 2857 ruodo

139 2884 193 2955 (i.
214 2888 264 2950 ιο)
285 2899 384 2956 parum
408 2880 555 2936 videbatur
570 2883 713 2961 agnoscere
730 2879 928 2955 Quintilianus.
1050 2927 1053 2935 .

183 2969 251 3023 Atio
266 2969 441 3041 Maiiamque.
483 2965 570 3021 Goth.
590 2964 692 3039 (poulo
705 2965 785 3019 aliter
800 2984 882 3040 quam
897 2965 977 3021 Gctn.
991 2970 1149 3034 memorat)

136 3052 211 3110 Aiio
225 3056 269 3125 ¹aii
288 3055 420 3127 asiamque
443 3049 543 3124 (plane
556 3065 591 3104 ut
605 3054 714 3119 Ioron.)
736 3049 829 3110 Garis,
849 3053 904 3106 aiio
918 3049 1016 3106 omisso
1031 3052 1148 3106 secundo

186 3239 309 3293 Ciceroni
331 3265 374 3280 -
401 3253 432 3292 et
467 3234 623 3312 consonans.
666 3235 702 3289 de
727 3234 816 3290 verbo
836 3238 883 3305 aio
904 3234 977 3288 nihii
998 3236 1146 3292 inveniens

138 3327 209 3395 Quo
224 3321 285 3375 loco
300 3321 353 3374 hoc
362 3319 411 3375 fibi
424 3319 530 3395 placore
546 3319 624 3398 signi·
665 3320 716 3373 nisi
730 3324 766 3387 (c.
780 3323 845 3393 45)
857 3321 912 3374 ain’
929 3320 985 3372 dici
998 3339 1049 3392 pro
1064 3325 1145 3382 aisne,

135 3408 207 3460 sicet
228 3407 342 3466 Cicero,
373 3406 468 3478 quaeri
489 3408 576 3477 potest
595 3418 623 3458 et
663 3404 785 3457 eliensem
800 3402 874 3457 hinc.
917 3405 1143 3477 Ncqueputo‚sr

135 3490 233 3545 debet.
257 3491 360 3567 Regius
370 3490 497 3562 quidem:
514 3492 623 3549 „sico”
663 3488 694 3540 iu
717 3487 791 3542 libro
813 3487 906 3560 aliquo
929 3488 1070 3543 Ciceronis
1092 3489 1143 3544 hac

134 3577 198 3634 ait.
217 3574 334 3634 „Cicero
354 3574 487 3646 praecipit
507 3573 538 3625 in
553 3574 623 3630 Ora·
663 3572 741 3625 dere
756 3572 899 3646 proditum
915 3574 988 3633 esset,
1001 3576 1141 3647 muQniu.

133 3671 252 3723 „tore.“
292 3657 419 3712 Debcbat
432 3659 621 3712 recentiorum
662 3656 790 3711 silianum
805 3657 885 3711 suisio
895 3656 1049 3712 dicturum:
1069 3664 1140 3714 Sciat

134 3743 283 3799 editorum
298 3742 406 3814 aliquis,
422 3745 518 3796 Burm.
533 3743 621 3795 maxi·
663 3742 906 3809 (Grammaticus)
935 3743 1053 3798 Ciceroni
1079 3748 1139 3816 yria·
1161 3748 1164 3753 “

133 3846 202 3886 me.
223 3840 273 3881 aut
296 3826 388 3881 locum
408 3830 532 3881 Oratoris
547 3827 620 3880 indi·
660 3831 703 3880 cni
725 3827 755 3887 e,
775 3828 850 3900 quefi
873 3825 939 3880 hece
960 3827 1025 3881 esset
1045 3845 1138 3883 recon-

130 3930 214 3971 ωτι,
233 3927 282 3963 etit
300 3912 420 3987 Regium
438 3912 558 3963 inviam
572 3912 617 3965 de·
658 3910 746 3966 ditior
773 3910 907 3985 quaedem
935 3911 1060 3974 scientis.
1088 3929 1136 3966 ont

128 3997 247 4051 dueerc.
276 3995 412 4068 Equidem
426 3996 616 4069 l'russrsquac·
657 3997 824 4050 Priscianunt
851 3995 964 4052 eundern
994 4016 1053 4051 rem
1084 4013 1136 4050 tin·
1247 4038 1252 4047 .

128 4082 187 4136 sivi
217 4081 247 4133 in
277 4080 419 4135 Ciceronis
448 4077 538 4141 libro,
567 4083 614 4135 etfi
656 4095 775 4136 merrtem
792 4080 934 4135 Ciceronis
949 4100 1005 4136 riou
1020 4084 1134 4136 usurum

128 4164 235 4220 talium
255 4163 478 4221 observationum
491 4165 614 4228 refertor
655 4167 824 4223 auctoritate·
844 4164 898 4221 1110
911 4166 996 4225 caim.
1010 4169 1063 4219 tiuc
1079 4163 1134 4217 uisa

695 4284 788 4339 le.
