2836 4812
166 399 169 407 .
231 349 338 434 tan,
469 325 525 398 Μ.
552 327 653 400 aaa.
680 325 994 422 ommni

231 523 285 596 cit
307 518 436 605 enimi
467 509 507 590 se
530 518 647 616 culpa
666 497 823 591 vacare:
853 508 901 592 ut
919 513 1043 614 magis
1064 511 1235 614 qualita-

232 637 283 712 tis
303 633 453 734 duplex
480 631 580 708 ratio
611 628 790 705 facienda
817 622 881 719 fit,
916 631 1054 718 altera,
1093 653 1173 728 qua
1193 643 1238 702 et
1270 634 1275 640 ’

233 749 383 828 faenun
403 744 634 822 defenditur
641 773 652 836 ;
683 746 823 834 altera,
851 771 930 846 qua
952 759 1108 820 tantum
1128 768 1235 819 reus.

186 893 226 956 80
236 861 494 946 Credendum
515 859 570 936 est
587 861 710 960 igitur
729 862 800 948 iis,
827 885 1005 959 quorum
1027 861 1242 934 auctorita·

235 997 318 1057 tem
329 975 485 1052 secutu‘s
499 974 555 1050 est
566 978 719 1064 Cicero,
733 1055 736 1062 ,
749 978 823 1050 tria
837 971 925 1065 effe,
945 1000 1048 1075 quae
1063 974 1109 1048 in
1124 975 1239 1050 omni

235 1092 502 1194 disputatione
512 1107 764 1191 quaerantur,
790 1117 842 1164 an
846 1084 918 1200 fit,
946 1083 1115 1199 quidsu‚
1139 1105 1311 1186 quanta

235 1211 274 1302 le
313 1211 369 1282 tt?
397 1205 509 1307 quod
524 1203 606 1306 ipsa
624 1207 741 1282 nobis
760 1207 877 1280 etiam
898 1221 1038 1280 natura
1053 1201 1244 1305 praescri·

238 1325 308 1400 bit.
379 1323 487 1398 Nam
505 1321 693 1421 ,primum
723 1335 880 1420 oportet
902 1315 1050 1396 subeffe
1073 1316 1243 1419 aliquid,

193 1514 195 1524 ,
238 1437 290 1514 de
310 1462 392 1538 quo
419 1435 652 1536 ambigitur:
694 1433 823 1534 quod,
853 1433 954 1536 quid
973 1431 1037 1524 fit,
1065 1449 1103 1508 et
1121 1433 1243 1533 quale

238 1552 305 1642 fit,
334 1567 439 1625 certe
455 1577 540 1626 non
559 1545 688 1650 potest
706 1547 920 1639 aestimari,
943 1547 1017 1624 nist
1032 1550 1145 1650 prius
1167 1543 1243 1622 effe

193 1665 479 1754 gitonffiterit:
511 1664 685 1762 ideoque
709 1689 753 1736 ea
777 1666 905 1764 prima
925 1663 1111 1764 quaestio.
1166 1662 1250 1740 Sed

241 1807 328 1859 non
341 1777 488 1868 statim,
517 1776 630 1876 quod
650 1773 723 1850 effe
742 1775 997 1854 manifestum
1017 1777 1083 1870 est,
1112 1779 1246 1868 etiam,
1315 1851 1320 1858 ,

239 1893 341 1997 quid
366 1891 432 1981 fit,
474 1875 643 1993 appdret.
714 1897 802 1967 Hoc
828 1887 992 1993 quoque
1013 1891 1241 1982 constituto.
1298 1885 1301 1890 ¹

239 2007 443 2088 novisima
460 2009 626 2111 qualitas
642 2003 837 2106 superest:
864 2033 938 2082 nec
954 2009 1017 2084 his
1030 2009 1241 2110 exploratis

241 2125 353 2201 aliud
367 2121 422 2197 est
436 2123 551 2199 ultra.
611 2123 683 2196 His
695 2119 873 2196 infinitae
891 2121 1150 2223 quaestiones,
1177 2123 1243 2200 his

241 2238 376 2314 finitae
398 2241 662 2313 eontinentur.
703 2236 854 2311 horum
873 2240 1004 2338 aliqua
1018 2237 1244 2315 indemon-

242 2353 412 2440 [traava
435 2351 701 2437 deliberativa,
728 2351 909 2444 judiciali
924 2351 1088 2428 materia'
1099 2355 1242 2452 utique

194 2481 465 2558 attractentur.
541 2471 646 2540 Haec
666 2463 802 2542 rursus
827 2467 1031 2560 judiciales
1055 2466 1183 2544 causat
1203 2483 1244 2543 et

243 2582 427 2659 rationali
453 2596 563 2681 parte
585 2594 625 2654 et
646 2580 763 2680 legali
791 2584 1008 2680 continent.
1094 2585 1242 2683 Neque

242 2698 352 2776 enim
368 2695 449 2772 ulla
461 2695 560 2790 juris
574 2692 815 2796 disceptatio,
842 2693 915 2773 nisi
929 2693 1124 2790 finitione,
1146 2724 1244 2800 qua·

305 2894 458 2966 ambigitur.
500 2887 585 2948 Goth.
600 2897 665 2964 (tac.
674 2895 768 2966 Geso.)
782 2895 936 2970 ambigatur
943 2913 1006 2948 cum
1015 2893 1090 2954 Voss'.
1107 2909 1135 2948 2.
1149 2895 1245 2970 steph.

244 2994 274 3036 et
295 2977 404 3054 Gryph.
427 2981 440 3047 (
451 2981 567 3049 1544),
594 2995 652 3031 non
669 2977 753 3032 male.
970 2982 1060 3054 utique
1083 2995 1245 3066 tractapttae.

243 3063 341 3122 Tarte.
362 3084 389 3118 n.
412 3057 545 3117 tradentur
567 3058 631 3115 c'tun
652 3061 728 3115 Alta.
751 3075 778 3114 et
798 3063 882 3116 Bern-
904 3058 984 3118 male.

301 3146 453 3219 judiciales.
495 3145 537 3198 Ita
551 3145 703 3217 conjecerat
719 3145 823 3224 Regius
840 3164 892 3220 pro
909 3145 1090 3215 iuridiciales.
1113 3145 1190 3222 quod
1202 3147 1247 3204 itt·

243 3229 383 3290 veniebat.
408 3226 462 3302 Sed
477 3241 550 3283 recta
564 3228 699 3302 scriptura
711 3229 767 3300 jam
782 3243 841 3284 erat
855 3229 978 3284 Mart.
992 3243 1020 3284 et
1037 3230 1068 3283 tn
1083 3227 1189 3292 codd..
1213 3247 1245 3288 ur

165 3301 172 3320 ¹
242 3315 375 3375 videtur,
395 3308 525 3368 omnibut
537 3326 645 3386 praeter
659 3313 745 3368 Goth.
977 3317 1119 3372 continent.
1170 3317 1247 3372 Haeo

242 3399 394 3474 [criptura.
413 3393 621 3474 fiSulzbergeri
636 3395 775 3450 filentium
791 3395 874 3451 iidem
889 3413 1029 3459 meretur.
1057 3397 1093 3452 est
1106 3399 1135 3452 in
1150 3399 1245 3455 Gueii.

243 3498 272 3538 et
287 3483 382 3538 Turia.
433 3483 466 3534 In
487 3478 574 3542 Goth.
596 3480 709 3553 quidem
732 3479 783 3534 effe
801 3479 927 3553 prodidit
947 3482 1011 3553 jam.
1026 3483 1105 3538 Geta.
1122 3483 1153 3536 in
1167 3483 1243 3540 Voss.

247 3561 382 3622 1'.Burm.
421 3563 494 3620 Edd.
510 3561 613 3618 habent
626 3563 694 3620 solae
709 3561 779 3620 Obr.
797 3565 913 3638 Capper.
930 3565 1010 3622 Geso.
1025 3567 1089 3642 Rip.
1130 3569 1245 3624 Ceterae

244 3653 375 3710 continu.
412 3646 490 3722 quod
509 3647 578 3702 terri
599 3649 704 3722 nequit.
763 3647 852 3703 Modo
875 3667 928 3722 pro
949 3666 977 3703 et
998 3653 1124 3708 rationaii
1141 3651 1244 3708 'eodem

244 3731 327 3790 ambo
351 3751 445 3793 errore
461 3729 537 3787 Atm.
555 3746 582 3786 et
595 3733 689 3786 Turic.
713 3749 738 3788 et
762 3733 888 3788 rationaii

304 3817 398 3896 Neque
411 3821 489 3874 enim.
529 3817 572 3872 In
586 3815 679 3871 Guelt.
702 3817 797 3873 Ceteri
812 3819 868 3872 Nec
881 3750 923 3872 Za
954 3817 989 3873 ef.
1012 3831 1040 3884 3.
1063 3831 1090 3886 5,
1114 3829 1143 3888 5.

285 3985 423 4064 qualitatis
437 3984 550 4058 duplex.
592 3984 627 4039 ci.
646 3999 673 4052 7,
691 3993 720 4057 4.
799 3981 910 4060 secatus
931 4011 974 4028 -
998 3985 1098 4046 Cicero.
1157 3985 1241 4056 εΗ.

242 4075 273 4142 4.
289 4084 316 4138 7.
338 4061 400 4122 κατ’
421 4059 564 4132 diffindat
585 4065 721 4145 absolata,
763 4075 814 4143 44.

241 4145 424 4230 uminum»)
445 4151 594 4230 affunttivn.
