2596 4710
328 316 451 384 INST.
479 314 687 383 ORATOR.
714 315 805 382 LIB.
832 313 905 400 111,
933 313 967 381 6.
1076 328 1146 402 627-

139 499 226 615 stt?
257 503 483 602 ambigitur.
549 505 660 605 Quae
688 501 823 575 omnia
854 495 1071 574 succedunt
1094 502 1151 574 lo·

125 621 299 719 'gitiruis
326 614 632 716 quaestionibus.
689 617 751 688 An
772 639 856 689 non
879 610 1194 714 praescriptio-72

108 728 112 737 ’
149 759 221 809 nes
251 734 397 832 (etiarn
426 734 469 805 in
503 726 649 830 quibus
680 731 849 803 maxime
884 728 1047 803 videtur
1069 756 1152 804 ma-

150 846 291 925 nifesta
318 847 543 944 translatio)
580 843 735 919 easdem
761 869 898 920 omnes
916 841 1062 942 species
1082 845 1152 919 ha-

150 965 268 1053 bent,
305 988 402 1061 quas
422 986 488 1034 eae
510 962 634 1060 leges,
669 959 817 1058 quibus
839 961 988 1058 agitur,
1017 975 1064 1033 ut
1084 974 1152 1035 aut

149 1078 202 1154 de
223 1081 408 1164 nomino,
445 1092 513 1150 aut
532 1073 674 1175 scripto
702 1090 740 1147 ct
760 1072 971 1162 sententia,
1005 1075 1072 1148 vel
1086 1101 1152 1148 -ra-
1204 1072 1207 1077 ’

150 1196 421 1280 tiocinntione‚
428 1192 662 1289 quaeratur?
678 1186 836 1262 Deinde
845 1184 962 1265 status
971 1213 1018 1262 ex
1033 1216 1153 1287 quae-

152 1306 279 1386 stione
300 1310 447 1397 orit-ur3
483 1306 683 1385 translatio
707 1329 791 1379 non
816 1304 935 1381 habet
959 1303 1153 1404 quaestio·

215 1587 233 1623 e
252 1565 352 1644 quaest.
375 1571 468 1624 oritur.
510 1569 553 1622 Its
567 1566 662 1624 Turio.
676 1563 769 1622 Gueli.
785 1564 871 1621 Goth.
894 1564 960 1638 (tac.
975 1566 1071 1633 Geta.)
1088 1583 1155 1619 cunr

152 1649 230 1708 Alm.
244 1651 335 1707 tribus
349 1652 424 1710 von.
440 1667 468 1706 et
483 1655 565 1709 Bern.
609 1653 718 1712 Ceteri,
740 1670 804 1704 cum
821 1654 924 1706 excusis
938 1651 1157 1726 quidcmlomni·

153 1734 226 1790 bnst
260 1735 396 1812 squaest.
420 1741 531 1792 oriatur.
586 1736 675 1791 iidem
697 1737 787 1790 excust
809 1752 904 1790 omnes
929 1732 1157 1814 interrogationis

155 1822 263 1898 ignum
286 1836 396 1893 ponunt
418 1820 532 1876 demum
554 1820 613 1895 poll
636 1824 754 1881 oriatur,
782 1834 810 1872 et
825 1838 922 1873 rvoce
942 1821 1096 1875 Translatio
1110 1838 1159 1872 no·

143 1920 227 1959 ¹vum
248 1901 352 1957 senium
376 1904 535 1958 ordiuntur.
575 1904 732 1976 Equidem,
753 1922 836 1975 quam
859 1903 924 1956 dedi
945 1904 1158 1962 distinctionem.

131 1986 255 2043 ·'‘mveni
269 1987 353 2060 ipsam
369 1988 397 2040 in
415 1986 509 2041 Guelt.
526 1999 555 2040 et
567 1985 655 2040 Goth.
699 1991 731 2039 ln
752 1984 867 2061 vulgata
889 1988 1029 2056 conjunct.
1052 1990 1155 2040 oriatur

153 2070 259 2147 pendet
272 2069 305 2125 ab
320 2086 368 2134 ειη
393 2071 437 2124 sed
459 2068 537 2143 quotl
555 2068 703 2142 subjicitur
722 2068 828 2124 Transi.
851 2099 893 2112 -
914 2069 1050 2128 comendit
1073 2069 1155 2125 abru-

155 2170 240 2231 ptum
259 2153 340 2227 plane
361 2154 398 2207 est
418 2168 446 2208 et
469 2152 648 2214 salebrosum,
669 2153 745 2227 quod
761 2154 792 2207 io
808 2152 856 2206 ista
869 2152 1064 2208 constitutions
1084 2155 1157 2209 milti

158 2239 243 2295 etiam
267 2236 301 2291 de
320 2236 406 2316 gloll't
421 2237 571 2312 inspectum
587 2250 653 2292 erat.
696 2235 801 2292 Melior
816 2235 906 2291 saltent
920 2237 992 2292 ratio
1007 2237 1070 2291 edd.
1085 2256 1157 2295 ruet.

157 2341 233 2384 rum,
254 2320 414 2396 ttGrypltio
427 2320 493 2376 inde
510 2321 543 2375 td
558 2320 633 2376 Gibi.
653 2338 756 2394 usque,
777 2339 845 2374 mox
859 2339 912 2395 pro
928 2342 981 2387 non
996 2322 1077 2377 italier
1092 2322 1158 2377 din·

159 2408 232 2462 tium
246 2425 299 2460 non
316 2406 413 2461 lrabeat
432 2406 475 2476 (et
488 2405 543 2460 hoo
558 2405 842 2481 revocavitCspper.)
864 2405 962 2460 itidem
978 2408 1160 2478 conjunctivo

158 2490 261 2550 modo,
290 2491 341 2562 qui
363 2504 392 2545 et
413 2491 469 2565 ipse
491 2489 609 2565 pendeat
628 2489 662 2544 rb
687 2505 726 2545 tte.
789 2490 841 2544 Sed
866 2489 940 2544 hanc
962 2491 1050 2547 codd.
1074 2513 1160 2565 poeno

159 2592 256 2630 omnes
277 2572 434 2647 repudiant.
475 2575 520 2629 Sic
533 2574 661 2653 cogimur
676 2588 703 2628 et
717 2574 748 2627 iu
763 2577 849 2629 oritur
870 2575 944 2628 tueri
965 2574 1161 2638 indicativum.

159 2673 189 2713 et
206 2672 365 2732 ¹utrumque
387 2657 577 2732 aquaellions
597 2656 646 2712 illa
666 2659 783 2736 figurata
808 2659 966 2737 sejungere3
999 2678 1085 2733 quant
1104 2659 1161 2717 loci
1264 2720 1267 2728 ,

159 2742 385 2799 constitutionem
406 2743 501 2816 [ponte
520 2739 693 2817 praetuleris,
715 2756 748 2796 ut
769 2743 863 2797 minus
885 2742 1055 2822 languidam.

203 2972 330 3045 legitimis
344 2969 547 3049 quaestionibus.
569 2974 642 3026 Sunt
681 2974 752 3026 Sunt
769 2975 940 3044 exceptiones
955 2973 1106 3034 ICtorturt,
1127 2988 1160 3027 ut

161 3056 272 3111 eaedem
288 3075 358 3129 qnte
371 3057 481 3129 legales.
505 3056 550 3124 (i.
567 3054 640 3127 46.)
681 3055 781 3109 docent
800 3055 912 3111 lexic-r.
955 3059 1058 3112 Graece
1079 3077 1162 3133 παρα.

162 3138 249 3195 Paulo
273 3137 354 3194 latius
378 3141 451 3194 idem
471 3138 640 3195 vocabulum
681 3136 794 3216 γραφαί.
857 3139 903 3194 Sic
923 3157 1016 3196 autern
1045 3140 1079 3196 tle
1107 3143 1161 3196 hoc

162 3224 198 3278 de
221 3222 303 3277 rebus
320 3224 472 3279 forensibus
496 3223 640 3299 usurpavit
680 3224 769 3278 verbo
787 3222 912 3279 Budaeus
929 3227 1038 3281 Corum.
1058 3228 1106 3281 Gr.
1126 3230 1160 3281 L.

163 3307 264 3365 Cicero
287 3309 398 3364 Orator.
418 3319 457 3379 54
479 3307 641 3387 „legitirtu-
681 3327 708 3382 p.
726 3310 773 3373 67.
799 3309 881 3369 „icti
895 3309 926 3362 in
941 3310 1081 3364 Pandectis
1096 3330 1161 3383 pro·

162 3410 248 3455 „rum
285 3422 327 3435 —
362 3396 643 3448 controversiarum.“
683 3392 803 3453 „miserm
831 3394 983 3466 excipiendi
1014 3393 1101 3448 verbo
1132 3410 1160 3448 et

162 3480 219 3532 Pro
234 3475 335 3531 Arcltir
356 3496 379 3531 c.
394 3492 422 3532 2.
443 3478 493 3538 ..in
512 3478 644 3551 quaestio·
683 3475 898 3550 „praescribendi
938 3479 977 3531 uli
1011 3479 1090 3533 lunt:
1128 3478 1164 3533 li·

162 3579 218 3625 ..ne
234 3559 387 3639 legitima.“
417 3560 549 3617 lullitutt.
564 3561 641 3628 lib.5
683 3575 745 3622 „eet
761 3557 978 3632 praescriptionis
991 3561 1163 3619 vocabulum

161 3646 256 3701 ‘rint
279 3644 362 3718 §14
399 3648 546 3720 „Utroque
567 3648 643 3701 enim
682 3643 774 3719 „apud
790 3646 955 3699 recentiores
968 3644 1063 3723 legum
1078 3648 1163 3702 inter·-

161 3730 244 3805 „jurs
266 3742 322 3783 tarn
345 3728 464 3783 naturali
478 3748 561 3805 quam
577 3732 644 3805 legi·
683 3743 793 3802 „pretes
815 3757 858 3772 -
885 3729 919 3782 td
940 3731 1163 3806 praescriptionis

162 3818 267 3876 „timo“
304 3813 407 3868 citaute
438 3814 578 3870 Brill'onio
608 3812 643 3869 de
684 3812 928 3886 „exceptionisque
942 3820 1068 3889 temporis
1083 3817 1164 3896 ligni·

162 3896 263 3955 verbb.
284 3898 373 3976 fignii.
391 3895 534 3972 succedere
549 3915 643 3953 sutem
683 3897 861 3960 „ficationem
890 3913 1044 3955 coartatum
1071 3903 1104 3956 stt
1133 3916 1162 3957 et

160 4000 216 4059 pro
226 3980 327 4056 subjici
337 4000 371 4035 eo
384 3981 546 4059 significatu,
558 4000 643 4057 quem
683 3981 909 4056 „praeliuituttt.“

160 4066 290 4124 vidimus
307 4066 341 4119 sd
357 4080 385 4134 3.
400 4080 431 4135 5,
448 4066 476 4119 6.
725 4068 866 4121 translatio
888 4096 930 4109 -
950 4086 1063 4144 propter
1083 4092 1162 4148 qut-m

202 4148 437 4226 praescriptiones.
468 4149 502 4203 ci.
520 4165 548 4217 7.
571 4170 594 4204 c.
612 4161 640 4217 5.
683 4151 828 4205 contendit.
856 4152 979 4226 Repetit.
993 4156 1162 4231 quoeurodo
