2596 4710
343 322 465 393 INST.
494 322 704 393 ORATOR.
729 320 820 390 ΠΒ.
846 322 901 407 11,
931 323 987 391 16.
1087 340 1163 413 373

152 504 182 581 fi
201 507 518 607 cogitaverimus,
540 507 660 597 unde,
679 525 718 583 et
738 533 951 607 quousque
969 513 1046 602 jam
1065 537 1159 610 pro·

150 639 262 696 vecta
292 621 339 697 fit
370 624 511 699 orandi
542 622 716 699 facultas.
782 620 832 699 Et
858 621 989 697 adhuc
1020 626 1158 726 augeri

150 736 287 838 potest.
344 742 451 813 Nam
468 755 515 814 ut
535 740 733 828 omittam,
760 734 976 815 befendere
997 740 1202 834 amicos,¹9

86 882 143 938 190
153 879 286 953 regere
308 853 479 928 consiliis
500 852 697 942 serratum,
719 854 917 956 populum
937 856 1155 932 exercitum

148 971 193 1044 in
216 994 317 1068 quae
339 972 437 1043 velit
460 969 625 1059 ducere,
656 995 777 1069 quam
797 969 842 1044 fit
858 970 978 1058 utile,
1007 996 1154 1075 couve-

148 1085 312 1183 niatque
333 1084 442 1159 bono
457 1086 567 1160 viro:
598 1110 735 1161 nonna
756 1082 971 1186 pulchrum
987 1086 1054 1159 vel
1072 1085 1152 1161 hoo

147 1195 280 1299 ipsum
310 1199 384 1285 est,
422 1225 470 1273 ex
506 1202 714 1275 communi
741 1200 965 1289 intellectu,
1000 1202 1152 1278 verbis·
1255 1298 1263 1305 ,-

144 1338 245 1413 que,
275 1316 422 1414 quibus
447 1330 619 1390 utuntur
644 1341 799 1405 omnin,
829 1332 986 1390 tantum
1003 1311 1151 1415 affequi
1174 1390 1189 1414 ,

144 1428 274 1504 laudis
295 1446 333 1503 et
354 1431 522 1530 gloriae,
555 1446 598 1503 ut
616 1457 700 1505 non
721 1433 836 1531 loqui
850 1446 889 1504 et
904 1455 1034 1519 orare,
1063 1428 1149 1522 sed,

144 1542 259 1643 quod
293 1547 437 1620 Pericli
468 1547 652 1646 contigit,
692 1543 898 1648 fulgurare
933 1570 976 1620 ac
1009 1563 1148 1622 tonare
1196 1540 1199 1547 ’

141 1659 341 1736 videaris?
1184 1662 1201 1703 ‘

167 1924 170 1929 ·
203 1887 282 1943 uude.
323 1887 470 1965 Eleganter
486 1902 658 1962 anteponunt
672 1903 699 1941 at
714 1885 799 1942 Goth.
814 1885 890 1944 voff.
906 1901 934 1943 2.
955 1903 983 1944 et
998 1886 1060 1944 add.
1075 1903 1146 1945 vett.

138 1971 243 2045 quibua
264 1971 333 2026 adde
353 1976 437 2027 Tarv.
454 1973 553 2027 Vener.
578 1973 658 2027 Rure.
682 1970 749 2025 Bnd.
775 1972 885 2026 Cervic.
1045 1972 1147 2048 fulgu·
1172 1976 1175 1987 '

139 2078 208 2112 rare.
253 2057 346 2112 Guels.
362 2071 389 2110 et
403 2054 628 2131 Turiufuigare
647 2072 710 2109 oum
732 2053 873 2128 plerisque
895 2054 984 2111 codd.
1007 2072 1034 2111 et
1057 2058 1144 2112 Andr.

138 2160 210 2214 quoa
232 2139 348 2196 voluisse
365 2140 508 2214 fulgorate
525 2139 636 2217 conjicit
656 2140 771 2193 Burma-
799 2139 851 2193 Sed
869 2154 1005 2213 receptam
1021 2155 1062 2193 tot
1078 2140 1146 2196 daut

138 2224 201 2278 edo.
219 2226 300 2278 etiarn
317 2239 386 2279 vett.
404 2240 431 2278 et
446 2222 572 2279 vindices
590 2225 651 2278 buit
671 2222 760 2278 Codd.
778 2222 863 2278 Goth.
884 2239 912 2277 et
932 2223 1025 2289 (baud
1045 2224 1144 2296 dubie>

136 2310 215 2367 Voss'.
232 2325 266 2369 2,
285 2323 392 2382 praeter
405 2307 472 2363 alioa
486 2309 537 2381 qui
553 2307 665 2362 silentur
682 2322 713 2360 ut
727 2308 802 2364 Voss.
821 2322 849 2376 3.
864 2311 947 2363 Bam.
970 2312 1144 2382 Quanquam,

137 2407 172 2447 ut
186 2393 384 2449 animadvertit
400 2396 514 2454 Burni..
536 2393 618 2447 otiam
635 2392 694 2448 cic.
710 2393 789 2448 Orat.
808 2411 830 2446 c.
848 2412 866 2469 9
884 2391 918 2447 da
933 2392 1028 2447 endem
1044 2411 1074 2449 re
1082 2392 1145 2469 sui·

135 2498 201 2552 gare
223 2478 306 2531 dixit.

181 2645 259 2699 unde.
282 2643 343 2698 vid.
353 2660 411 2699 not.
428 2643 500 2698 Crit.
658 2644 759 2714 „xiim
789 2633 936 2711 ι’ὗλύμπιις
955 2632 1141 2720 ”Ηστριιιιτιι,

180 2730 215 2783 Er
231 2759 271 2771 -
285 2730 381 2804 potest.
406 2731 503 2788 Gein..
522 2726 617 2801 quiin
658 2723 810 2805 „isspo'rm
831 2723 961 2796 ξυνεκύκα
979 2723 1026 2790 nir
1041 2722 1142 2784 Ἕλλιί.

134 2810 227 2874 bisoe,
248 2827 378 2885 tanquam
394 2813 487 2866 minua
504 2812 538 2865 ul
553 2829 618 2885 pro·
659 2804 737 2887 ,Ν
772 2811 910 2885 Aristoph.
950 2812 1070 2874 Acharn.
1108 2834 1140 2869 v.

132 2898 255 2972 pubium
294 2896 475 2955 facientibus,
513 2896 617 2954 haeret.
659 2897 821 2963 (Brunck.)
840 2909 978 2963 53o.3i.
1021 2900 1141 2953 Locuaa

133 2979 250 3037 videtur
279 2999 335 3033 non
364 2980 445 3055 plana
474 2979 617 3041 affucuuu,
657 2980 839 3055 scriptoribus
859 2980 1007 3053 utriunque
1028 2981 1139 3059 linguae

131 3083 193 3141 quo
222 3066 295 3119 sensu
317 3069 371 3138 Qu.
393 3063 477 3118 modo
496 3063 615 3117 dixerit:
658 3066 734 3139 saepe
755 3079 783 3118 et
806 3063 905 3116 citatus
922 3077 950 3116 et
963 3065 1137 3140 fignificatur.

132 3150 270 3227 „gratiam
285 3149 416 3202 reserre.“
460 3150 526 3204 Nou
542 3165 617 3220 prae·
657 3149 692 3201 ci.
710 3149 793 3202 nostr.
812 3161 858 3206 12,
877 3166 923 3206 ιο,
940 3158 987 3218 24.
1004 3147 1053 3214 65.
1083 3152 1139 3205 Ne.

132 3233 191 3288 mia
215 3231 428 3311 intelliguntur,
461 3231 504 3287 sed
525 3230 616 3305 operia
657 3251 712 3306 que
741 3231 851 3307 primur
881 3228 1011 3305 Olympii
1037 3250 1139 3310 cogno.

132 3317 218 3391 ipsura
242 3312 380 3371 [ircieffua.
431 3317 614 3369 irroratione
656 3335 721 3370 meu
735 3314 814 3371 dedit
827 3312 927 3369 Pericli
936 3314 1138 3388 Aristophanen.

131 3400 255 3456 maxime
279 3398 454 3455 elaborarunt
478 3399 615 3460 borniner,
655 3399 700 3456 red
722 3397 810 3479 vulgo
837 3400 891 3470 jam
920 3400 1081 3472 usurpatum
1104 3401 1138 3455 ad

131 3503 224 3558 neque
245 3483 343 3538 frustra
361 3503 471 3558 operam
488 3484 616 3539 iuiumse·
656 3484 793 3539 invidiam
810 3482 943 3536 traduxit.
979 3483 1045 3540 vid.
1063 3484 1137 3540 Piut.

131 3582 217 3629 tunt,
241 3584 270 3623 et
292 3588 327 3622 ne
350 3567 534 3644 prurientibus
555 3567 616 3640 qui-
656 3567 752 3622 Pericl.
776 3588 803 3641 p.
830 3565 896 3635 156.
919 3570 954 3620 A.
977 3571 1009 3623 B.
1033 3569 1083 3642 qui
1104 3568 1138 3624 de

130 3652 199 3709 dem
234 3653 361 3707 terminis
398 3669 485 3707 artem
520 3652 615 3707 metiri
657 3651 831 3731 cognominis
864 3650 973 3730 origine
1003 3652 1138 3728 disputat.

132 3738 221 3796 decer.
244 3738 343 3810 Neque
358 3737 443 3792 obstat
456 3736 531 3811 quod
547 3755 615 3789 mox
657 3739 691 3791 cf.
700 3738 814 3792 Lucian.
827 3739 931 3813 inurgg.
946 3754 974 3811 p.
986 3750 1022 3791 ῆι
1034 3736 1097 3795 Vol.
1108 3738 1136 3792 6.

131 3822 169 3877 ‹le
196 3823 327 3895 praemiis
362 3824 445 3876 etiam
476 3820 615 3894 loquitur,
657 3823 719 3896 Rip.
742 3820 837 3894 ibique
860 3820 1024 3875 Graevium.
1068 3821 1137 3877 adde

129 3907 279 3983 praemisso
308 3907 417 3967 ..Naui“
452 3906 527 3979 quod
558 3924 615 3958 uon
657 3907 801 3962 Tbeoueru
838 3907 919 3981 Prog.
951 3925 979 3980 p.
1010 3920 1058 3974 77.
1094 3906 1136 3961 ed.

131 3994 240 4065 semper
261 3988 425 4045 atriffunum
446 4009 552 4045 nexum
570 3990 616 4044 de·
658 3994 735 4047 Cam.
776 3988 869 4043 Etiam
892 3990 1027 4064 Aspasuun
1050 3992 1139 4050 Juuo·

132 4072 276 4131 monstrat.
657 4094 721 4129 nem
745 4066 918 4148 appellarunt
939 4075 1048 4132 Comici
1063 4074 1137 4132 Pbu.

178 4160 327 4217 Pericli-
340 4173 441 4217 tonare.
465 4188 530 4232 ‚,-·
543 4156 618 4237 Πιμι
656 4158 753 4217 Pericl.
768 4158 866 4234 p.165
882 4159 921 4214 D.
