2596 4710
476 292 816 375 raananrro.
1069 335 1150 387 nv
1285 318 1288 323 ·

134 496 177 559 et
208 479 412 559 suavitate
443 499 484 558 et
522 485 693 585 candore
728 493 1148 583 commendatissimum

130 618 202 694 bic
224 643 364 696 coram
385 644 716 720 cognoveramus,
755 628 957 724 Ulricum,
991 638 1148 715 Profes.

132 752 267 831 sorem
279 751 550 833 Turicensem.
610 760 686 835 Hic
707 776 747 835 et
769 763 1028 846 celeberrimo
1044 775 1144 848 ami·
1246 732 1249 737 Ι

132 915 186 967 eo
221 887 294 966 sno
328 905 369 962 et
399 914 493 966 meo
523 893 764 997 Quintiliani
790 901 873 974 mei
899 899 1033 980 studio
1062 908 1142 983 hoc
1217 876 1220 881 .

137 1023 263 1112 dedit,
290 1040 337 1100 ut
360 1024 574 1126 diligenter
597 1028 790 1106 notandas
818 1057 868 1106 ex
896 1033 975 1112 hoc
1004 1039 1142 1117 codice

136 1159 309 1262 singulas
330 1158 548 1262 scripturae
572 1165 776 1241 varietates
806 1170 1012 1268 reciperet,
1039 1198 1142 1270 quo·

132 1321 228 1376 tum
250 1295 447 1398 primitiae
470 1321 493 1371 a
518 1300 638 1375 tertio
660 1296 710 1374 ad
736 1301 870 1400 quinti
896 1301 992 1378 libri
1020 1302 1142 1381 finem

131 1459 267 1534 usque
290 1431 341 1507 ad
362 1457 428 1507 me
453 1431 667 1543 mittendae
694 1412 865 1526 curavit,
900 1441 1051 1538 quoin
1074 1465 1142 1542 ge·

127 1594 241 1660 nere,
273 1593 369 1645 cum
388 1565 493 1644 forte
507 1568 680 1668 aliquam
694 1571 1039 1673 Sulzbergerianae
1057 1575 1141 1652 ool·
1264 1669 1268 1677 ἢ

125 1706 295 1783 lationis
323 1718 475 1804 partem
506 1699 746 1803 repetiissent
772 1708 824 1794 ii,
881 1709 1029 1808 quibus
1060 1710 1140 1786 hoc

130 1840 370 1919 mandatum
386 1835 453 1928 est,
482 1836 710 1914 ornatiffimi
725 1845 904 1932 juvenes,
930 1845 1044 1934 levis,
1071 1842 1141 1921 sed

130 1970 240 2067 mu
262 1974 447 2075 apparuit
459 1990 731 2074 excerptorum
745 1977 982 2054 varietatum
996 1978 1140 2056 discre-

133 2113 277 2213 pantia
336 2112 469 2203 Hujus
500 2110 625 2209 igitur
656 2108 752 2182 libri
784 2126 825 2185 et
853 2111 1014 2190 Codicis
1043 2121 1141 2208 ejus,

137 2249 334 2350 quicum
364 2243 579 2321 dominum
602 2240 798 2321 habuisset
825 2247 989 2324 Petrum
1020 2252 1141 2325 Fran·

133 2386 262 2472 cium,
300 2407 324 2454 a
352 2380 541 2455 collatore
568 2403 654 2455 non
683 2381 887 2460 immerito
912 2385 1140 2464 Almelove-

129 2522 279 2596 nianus
301 2513 356 2592 est
382 2515 611 2615 appellatus,
643 2539 736 2590 cum
755 2514 992 2616 singularem
1015 2521 1140 2594 anim·

129 2648 384 2730 advertissem
408 2648 733 2737 similitudinem,
774 2653 890 2750 coepi
916 2653 1141 2753 plurimum
1187 2694 1190 2701 ·

128 2789 314 2867 tribuere
342 2791 427 2880 ejus
457 2785 692 2861 auctoritati.
773 2787 920 2887 Neque
952 2789 1062 2863 enim
1088 2788 1139 2882 de

131 2925 269 3029 pretio
287 2918 353 2996 isti
369 2918 500 2998 codici
516 2917 725 2997 statuendo
742 2921 856 2997 aliter
870 2921 998 2998 l'entio
1018 2948 1141 3024 quam

128 3056 389 3139 Lochmanus
414 3058 459 3132 V.
475 3056 518 3131 C.
534 3056 578 3129 in
593 3073 885 3155 programmate
903 3057 1013 3135 edito
1031 3082 1138 3133 anno

134 3213 261 3289 1788.
298 3216 338 3293 p.
365 3211 402 3281 5.
447 3192 520 3289 qui
554 3195 640 3284 ejus
675 3178 715 3265 et
746 3189 953 3287 Bodleiani
993 3195 1140 3292 primas

128 3327 267 3407 oenset
302 3322 378 3401 esse
413 3340 540 3426 partes
574 3326 620 3401 in
659 3326 899 3432 Quintiliani
933 3342 1045 3402 textu
1079 3352 1142 3403 re-

131 3460 359 3569 purgando.
416 3461 529 3536 Illam
551 3476 705 3550 autem,
743 3485 865 3561 quam
891 3461 995 3553 daci,
1036 3459 1142 3538 suni·

137 3598 357 3677 litudinem
380 3593 604 3673 Turicenfis
629 3611 668 3671 et
693 3597 1014 3674 Almeloveniani
1040 3595 1141 3687 snos,

136 3736 300 3836 opinor,
329 3727 574 3832 persuadebo
596 3732 647 3821 ei,
673 3734 908 3833 quicunque
929 3729 1142 3833 inspexerit

130 3894 239 3971 quae
255 3891 472 3969 monemus
493 3867 544 3942 ad
567 3885 616 3956 5,
643 3872 689 3956 6,
722 3893 782 3944 ιο.
808 3865 875 3941 etsi
895 3865 987 3943 sunt
1014 3867 1142 3968 pluri·

132 4028 204 4083 rna
229 4016 388 4106 praeter
412 4001 509 4083 haec
535 4004 644 4096 loca,
693 3997 847 4085 fortasse
867 4004 990 4121 ¹etiarn
1014 4003 1142 4079 mani-
