2596 4710
185 296 258 366 160
423 296 479 364 Μ.
502 297 603 365 FAB.
631 297 945 390 QUINTILIANI

182 485 317 560 dives?
357 485 526 557 etiamne
560 481 744 557 bominem
774 485 980 584 appellari,
1016 485 1112 585 quia
1142 483 1189 560 stt

181 600 459 674 humanatus?
499 598 632 697 (quali
659 624 756 672 vero
782 626 866 675 nou
892 601 1080 676 omnibus
1100 604 1188 677 ani·

181 716 352 789 malibus
369 713 505 788 eadem
526 715 659 813 origo,
687 730 754 786 nut
772 715 834 788 illi
855 714 975 814 primi
998 717 1195 791 mortales'

183 847 272 904 ante
300 832 448 905 nomeu
476 828 739 927 imposuerint
767 845 913 917 terrae,
946 854 1068 928 quant
1086 829 1185 921 libi)

133 961 221 1031 35et
244 944 368 1021 verba
393 945 440 1017 ab
468 950 555 1018 aire
583 944 814 1020 verberato?
872 951 1105 1047 Pergamus:
1132 945 1184 1021 lic

180 1194 282 1249 mentis
309 1192 492 1267 Spanhemiut
522 1192 557 1245 ad
578 1191 659 1247 Arist.
703 1211 749 1248 cos
765 1188 911 1248 iuverlitur
927 1184 1008 1264 αἷᾷιω,
1026 1188 1110 1247 sunili
1126 1192 1184 1246 lor·

179 1277 293 1332 Plutum
319 1292 387 1343 727.
411 1276 542 1345 ostendit,
564 1278 660 1330 conlu-
702 1277 765 1331 tolle
783 1276 961 1336 literarumtl
988 1276 1050 1331 eth
1071 1295 1184 1351 permu-

179 1361 247 1415 diue
266 1360 408 1414 interdum
429 1377 536 1414 veteres
553 1377 661 1414 utrum·
701 1361 819 1423 tatione,
847 1381 905 1434 quo
927 1362 1045 1421 accedit,
1066 1360 1142 1433 qnod
1166 1381 1182 1412 a

180 1464 235 1518 que
261 1444 335 1498 Pluti
357 1459 385 1497 et
403 1444 529 1498 Plutonis
545 1464 658 1498 nomen.
700 1443 801 1515 xum?
837 1447 873 1500 est
910 1445 985 1500 aliud
1024 1438 1181 1514 χθαμαλὰ

180 1529 241 1583 vid.
266 1543 293 1582 et
317 1527 459 1582 Platonem
488 1531 519 1582 in
543 1529 658 1603 Cratylo
700 1532 823 1591 lunulis,
857 1545 885 1584 ct
914 1533 970 1603 ipsa
995 1524 1090 1599 ztan,
1121 1547 1180 1602 quo

179 1632 209 1687 p.
225 1612 317 1687 Steplt.
329 1623 399 1685 403.
416 1617 451 1666 A.
699 1616 792 1669 miuus
802 1615 914 1670 otiosam
929 1630 1010 1688 putes
1026 1610 1182 1675 literam&

222 1697 352 1752 bominem
380 1725 421 1742 -
448 1697 535 1751 lrumo.
580 1700 659 1752 Hanc
699 1700 751 1772 qui
775 1699 857 1759 haec,
878 1700 1011 1770 inquam,
1032 1696 1127 1753 omnia
1145 1698 1178 1751 lo·

178 1780 379 1860 etymologiam
402 1781 511 1839 Vollrui
535 1782 564 1835 iu
591 1764 659 1852 tity-
700 1802 763 1837 oum
779 1778 959 1856 reputaverit,
974 1780 1183 1855 contuleritque

178 1865 330 1943 mologico,
350 1884 419 1921 νοω
434 1868 520 1925 homo.
536 1866 659 1924 Varroni
698 1867 866 1938 adjectivum
882 1867 1019 1926 hamanus,
1031 1867 1053 1919 it
1068 1864 1181 1921 foruli·

178 1949 296 2010 tribuit,
326 1968 385 2005 nou
412 1950 534 2003 iudimto
563 1964 656 2005 tamen
697 1969 755 2006 oou
783 1965 925 2024 tantopere
955 1949 1118 2005 abhorrebit
1147 1947 1181 2004 ab

176 2033 269 2093 libro,
291 2050 339 2088 aut
358 2035 532 2112 fragmento,
557 2033 606 2102 ubi
621 2032 659 2088 lo·
699 2035 754 2090 hoc
775 2050 879 2108 etymo.
924 2035 989 2089 Fuit
1010 2033 1077 2088 haer
1091 2034 1185 2107 varia:

177 2132 268 2197 gutur.
301 2112 359 2173 Alii
376 2138 496 2192 quoque,
512 2119 562 2190 qui
577 2117 611 2172 do
626 2137 658 2173 ea
699 2138 764 2174 rum
782 2122 908 2198 gentium
930 2121 961 2172 in
974 2138 1028 2173 unt
1043 2136 1076 2172 re
1089 2116 1183 2192 appol·

177 2217 281 2280 aguut‚
302 2204 502 2261 Varronianam
516 2200 605 2258 lolent
617 2202 658 2255 di·
699 2203 780 2258 lauda
801 2203 953 2259 similitudo
975 2201 1050 2257 mihi
1066 2200 1182 2280 demon·

178 2303 247 2361 oure.
270 2288 336 2340 Meo
354 2307 400 2341 um
410 2304 479 2342 vero
494 2287 657 2349 amicorum,
698 2290 778 2342 strata
793 2308 808 2340 a
825 2291 997 2341 Buttmruno
1018 2289 1053 2343 V.
1073 2289 1105 2343 C·
1130 2286 1180 2359 qui

176 2388 292 2443 meaque
309 2306 391 2445 ipluu
407 2370 539 2425 industria
562 2371 657 2424 frustra
699 2371 749 2427 nbi
762 2375 808 2427 lua
823 2371 1026 2449 delinguanrm
1037 2370 1180 2449 cogitatio·

175 2454 296 2509 insumta
316 2455 372 2510 fnit
393 2457 424 2509 in
444 2456 506 2509 loco
522 2455 657 2512 Varronis
698 2477 733 2510 ne
754 2455 890 2534 oogitata.
916 2454 1063 2534 largissima
1087 2473 1180 2509 exem·

175 2538 363 2603 inveniend03
386 2556 413 2594 et
432 2542 487 2615 jam
505 2539 535 2592 in
550 2559 582 2593 00
600 2538 657 2617 legi
698 2540 811 2616 plorum
828 2542 907 2614 copia
929 2540 1026 2592 innixa
1043 2553 1072 2594 et
1086 2540 1181 2613 luper-

175 2625 289 2698 ptorlur
302 2624 423 2700 despero.
448 2622 656 2696 Aooedit,quod
688 2626 800 2680 ‘niuoso
826 2625 975 2679 llebraicae
1003 2623 1178 2697 antiquitati!

176 2711 248 2781 Qu,
269 2727 339 2761 mox
365 2708 409 2776 (i.
427 2713 497 2775 37.)
522 2708 654 2765 Varronis
697 2710 786 2765 lindio
803 2714 871 2781 (quo
888 2708 955 2761 olim
972 2707 1034 2775 Vll.
1051 2706 1122 2763 DD.
1139 2708 1180 2762 lo·

175 2792 348 2845 mentionem
368 2794 470 2846 [acient
487 2810 550 2845 cum
565 2811 656 2864 repre·
696 2793 789 2848 lebant
805 2795 856 2847 elle
872 2792 968 2846 infecti
983 2806 1011 2845 et
1025 2791 1182 2863 nomenti)

173 2874 320 2936 honsione,
354 2877 443 2930 eidem
464 2895 521 2930 non
543 2876 655 2952 allignat
696 2896 792 2937 vacua,
811 2897 873 2930 cum
889 2876 1007 2931 eruditis
1020 2877 1181 2931 communi-⁴

174 2958 229 3013 boc
258 2961 369 3014 loannis
395 2975 529 3033 etymon,
565 2979 654 3032 neque
696 2963 810 3021 noverit,
831 2963 947 3039 gratiam
965 2960 1075 3014 lorulle
1091 2958 1178 3013 inibit

175 3046 304 3119 priorum
328 3043 417 3097 ullum
441 3045 477 3097 est
501 3044 572 3118 apud
586 3047 655 3101 Var·
696 3046 795 3105 abiis,
818 3047 867 3118 qui
882 3045 1049 3118 opinionum
1064 3045 1178 3097 novica.

173 3146 282 3182 ronem.
325 3128 446 3186 Videtur
464 3147 531 3208 ergo
549 3144 655 3202 tempo·
697 3131 732 3183 tis
747 3145 774 3183 et
789 3129 965 3201 antiquitatis
985 3130 1087 3201 pariter
1103 3129 1178 3182 lecu·

174 3230 205 3266 re
213 3212 380 3285 Quintiliani
396 3216 427 3266 iu
443 3231 491 3266 ore
506 3212 653 3266 homiuum
696 3215 730 3274 ri,
747 3215 891 3267 veritatem
909 3231 995 3267 uuam
1009 3215 1150 3266 sectantur.

175 3301 315 3351 versatum
345 3297 398 3351 hoc
423 3313 538 3370 etymon
567 3296 654 3373 (legi-
736 3314 798 3350 ante
814 3328 855 3338 -
870 3294 1177 3371 terrae-quamfibi.

176 3396 224 3435 tur
248 3385 331 3434 etiam
363 3380 436 3455 apud
465 3381 600 3435 llidorum
626 3401 654 3455 p.
697 3384 787 3454 Quare
804 3378 969 3449 ἐπιχθονίους
987 3381 1178 3435 Graecidixe-

175 3465 306 3521 Gotholr.
333 3471 441 3538 1089.)
473 3480 501 3520 et
522 3467 656 3519 retentio·
696 3465 784 3519 runt?
834 3467 886 3519 Sed
910 3482 1006 3519 contra
1029 3463 1180 3538 Quintilia-

174 3568 238 3604 rntn
271 3550 323 3604 effe
358 3569 451 3611 error,
486 3569 502 3602 a
529 3551 654 3606 Varrone
695 3569 763 3603 num
779 3549 931 3623 disputare,
951 3568 1008 3605 non
1025 3551 1132 3611 atturgt.
1212 3568 1215 3572 ·

100 3634 103 3639 ’
173 3635 369 3708 repetentium.
415 3637 477 3693 Jam
503 3635 555 3707 qui
575 3652 655 3707 repu-
737 3635 817 3687 verba
845 3656 899 3676 -·
914 3636 1034 3687 turbem.
1086 3636 1178 3706 Quam

99 3742 103 3751 ·
173 3719 278 3772 raverit
293 3737 385 3791 parem
402 3719 538 3773 rationem
555 3718 584 3771 in
599 3720 655 3771 He·
695 3717 825 3790 frequens
848 3732 876 3771 et
898 3723 993 3771 ulitata
1009 3719 1181 3773 Grammati-

174 3800 268 3857 braico
289 3804 393 3863 Adam,
415 3803 534 3862 Adonea,
557 3816 654 3855 contu·
696 3802 829 3856 cisfuerit
846 3818 900 3854 tarn
917 3800 1178 3879 miraetymologia.

174 3884 294 3959 leritquo
316 3885 483 3941 Hebraicum
499 3887 575 3946 dam,
597 3886 654 3939 sm·
695 3885 805 3939 docebit
822 3886 930 3943 Vollins
953 3887 982 3938 in
1000 3883 1181 3962 Etymologi-

172 3970 256 4048 guis,
277 3972 378 4043 inquo
394 3971 510 4031 itidem,
531 3970 607 4023 stetui
623 3970 652 4022 iu
695 3988 736 4022 00.
780 3974 816 4023 Et
841 3970 901 4023 loca
924 3950 1007 4024 habes
1030 3968 1103 4043 apud
1120 3972 1180 4022 Go-

171 4069 254 4115 terra.
275 4050 380 4116 adama,
397 4055 433 4109 eli
447 4055 558 4110 ruboris
572 4054 653 4130 signi·
695 4053 780 4107 thofr
801 4075 828 4127 p.
845 4054 907 4124 826
932 4053 1092 4111 ubitameu
1109 4072 1178 4109 cum

170 4139 270 4202 ficatio,
285 4156 340 4217 pro
355 4157 468 4216 quoque
482 4138 556 4215 apud
569 4139 652 4195 Grae·
693 4137 745 4194 luc
760 4140 850 4194 nolin
859 4139 1042 4219 conjungitur
1050 4134 1181 4213 versandi
