2596 4710
143 382 149 394 Ι
182 282 252 352 aaa
423 280 602 367 nrm.
620 268 942 381 ¹oururnnnr

176 468 303 574 potest
317 471 433 543 etiam
448 476 717 565 juventutem:
746 487 875 545 tamen
891 472 956 544 vel
970 469 1177 550 infirmitas

177 615 204 662 a·
222 585 511 662 robustioribus
539 584 747 684 separanda
773 585 846 675 esl;
893 603 930 660 et
962 589 1180 664 carendum

176 730 260 778 non
274 700 404 776 solum
423 702 587 775 crimine
607 701 879 799 turpitudinis,
902 704 1180 777 verumetiam

134 817 408 917 ¹⁵suspicione.
452 822 556 889 Haec
570 817 741 890 notanda
760 817 933 891 breviter
947 816 1178 893 existimavi.

109 980 116 995 -
177 937 283 1009 Nam
299 950 344 1007 ut
361 930 461 1005 absit
472 931 519 1004 ab
538 932 689 1005 ultimis
704 933 812 1006 vitiis
828 931 910 1031 ipse
927 950 1188 1032 praeceptor,

176 1075 220 1124 ac
247 1046 399 1135 schola,
428 1072 479 1120 ne
508 1047 834 1146 praecipiendum
858 1047 1021 1147 quidem
1044 1049 1177 1125 credo.

176 1167 233 1241 Ac
253 1160 281 1235 sr
304 1165 395 1264 quis
418 1160 490 1250 est,
521 1163 593 1260 qui
619 1159 765 1261 flagitia
787 1162 990 1239 manifesta
1010 1165 1053 1236 in
1077 1164 1180 1237 deli·

175 1276 306 1379 gendo
336 1275 411 1351 filii
436 1284 688 1376 praeceptore
713 1303 796 1352 non
821 1281 937 1365 vitet,
974 1283 1050 1368 iam
1082 1279 1179 1353 hinc

175 1394 285 1481 sciat,
316 1410 441 1467 cetera
463 1417 644 1490 quoque,
675 1418 775 1490 quae
798 1392 848 1466 ad
874 1394 1085 1467 utilitatem
1114 1401 1236 1483 juda?

175 1510 351 1582 venturis
378 1532 616 1607 componere
645 1533 854 1598 conamur,
882 1506 954 1583 elle
981 1507 1072 1597 sibi,
1104 1509 1178 1583 hac

175 1640 283 1725 parte
301 1619 453 1710 omissa,
479 1619 731 1720 supervacua.

262 1857 325 1927 III.
355 1856 422 1927 Ne
433 1846 608 1928 ‘illorum
624 1853 789 1952 quidem
807 1851 1000 1952 persuasio
1021 1852 1178 1930 silentio

175 1967 408 2044 transeunda
425 1967 498 2057 est,
528 1972 617 2066 qui,
647 1971 764 2042 etiarn
783 1995 875 2042 cum
895 1969 1064 2044 idoneos
1088 1970 1178 2042 rhe-

175 2088 254 2161 tori
271 2108 417 2184 pueros
434 2101 694 2183 putaverunt,
725 2110 808 2157 non
830 2100 958 2157 tanren
981 2085 1175 2159 continuo

174 2199 386 2276 tradendos
421 2198 719 2273 eminentillimo
756 2199 941 2285 credunt,
970 2195 1038 2271 sed
1067 2197 1175 2298 apud

173 2318 347 2390 minores
364 2314 610 2411 aliquamdiu
629 2314 826 2387 detinent:
857 2330 1045 2410 tanquam
1064 2312 1176 2387 insti·

174 2429 333 2502 tuendis
369 2429 516 2503 artibus
555 2432 678 2528 magis
716 2428 761 2500 sit
799 2445 886 2527 apta
921 2429 1174 2503 mediocritas

173 2546 457 2645 praeceptoris,
486 2543 649 2616 cunrad
672 2545 918 2617 intellectum
942 2560 1060 2641 atque
1084 2544 1174 2616 imi-

173 2661 363 2734 tationem
397 2656 570 2742 facilior,
606 2674 693 2731 tum
721 2658 769 2730 ad
799 2656 1062 2756 suscipiendas
1095 2660 1169 2730 ele-

149 2790 400 2848 umentorum
422 2772 617 2848 molestias
637 2777 771 2847 minus
789 2772 964 2871 superba.
1025 2779 1114 2879 Qua
1129 2773 1170 2845 in

171 2916 214 2963 re
244 2890 347 2963 milii
376 2915 458 2964 non
490 2889 660 2962 arbitror
694 2889 775 2962 diu.
802 2888 1085 2976 laborandum,
1127 2900 1171 2960 ut

172 3002 390 3091 ostendam,
429 3019 577 3101 quanto
603 3000 648 3076 sit
668 3004 812 3078 melius
838 3005 1000 3101 optimis
1022 3001 1172 3088 imbui,

170 3135 394 3218 quantaque
423 3120 467 3191 in
497 3117 697 3205 eluendis,
734 3142 835 3217 quae
868 3116 988 3189 semel
1019 3114 1172 3191 insede·

169 3235 268 3321 rint,
298 3235 426 3320 vitiis,
451 3231 656 3306 difficultas
677 3230 956 3331 consequatur:
989 3257 1083 3307 cum
1105 3255 1172 3330 ge-

49 3411 50 3415 ,
168 3351 365 3423 minatum
379 3374 480 3423 onus
495 3346 743 3420 succedentes
761 3362 928 3445 premat,
951 3362 991 3418 et
1005 3346 1172 3443 quidem

169 3462 393 3537 dedocendi
418 3464 575 3561 gravius
605 3486 648 3534 ac
670 3463 804 3559 prius,
841 3486 961 3558 quam
985 3458 1168 3551 docendi

142 3594 162 3655 δ’
171 3583 333 3677 Propter
370 3577 497 3676 quod¹
519 3577 777 3651 Timotheum
814 3576 965 3649 clarum
1005 3575 1051 3648 in
1090 3588 1170 3648 arte

228 3767 390 3826 quantaque.
430 3747 523 3807 Gnels.
539 3764 566 3802 et
579 3749 674 3803 Turic-
691 3749 827 3803 omittunt
843 3769 893 3825 que
908 3767 974 3802 cum
990 3746 1079 3804 Goth.
1097 3751 1169 3817 (tac.

168 3835 264 3909 Gesn.)
278 3850 305 3888 et
318 3834 425 3908 aliquot
440 3833 502 3888 edd.
524 3852 581 3887 non
595 3832 674 3886 male.
949 3826 951 3830 Α
1056 3826 1063 3841 “

203 3952 383 4018 intentarem,
406 3951 556 4023 oppositam
578 3967 644 4022 pne·
731 3948 908 4003 Timotheum.
939 3945 1099 4006 Milesium,
1116 3961 1168 4000 trr-

163 4034 244 4095 ritiae
266 4035 286 4087 i.
309 4053 334 4089 e.
354 4034 536 4089 adolescentes
560 4032 644 4088 robu·
685 4035 795 4110 gicum,
817 4024 1044 4108 διθυραμβοποιδι
1062 4045 1091 4084 et
1107 4049 1170 4083 mu·

165 4119 270 4173 s'u'ores.
685 4121 769 4172 sicum
798 4116 993 4177 clarissimum,
1023 4115 1169 4191 Euripidis
