<?xml version="1.0" encoding="UTF-8"?>
<!DOCTYPE html PUBLIC "-//W3C//DTD XHTML 1.0 Transitional//EN"
    "http://www.w3.org/TR/xhtml1/DTD/xhtml1-transitional.dtd">
<html xmlns="http://www.w3.org/1999/xhtml" xml:lang="en" lang="en">
 <head>
  <title>
</title>
<meta http-equiv="Content-Type" content="text/html;charset=utf-8" />
  <meta name='ocr-system' content='tesseract 3.04.00' />
  <meta name='ocr-capabilities' content='ocr_page ocr_carea ocr_par ocr_line ocrx_word'/>
</head>
<body>
  <div class='ocr_page' id='page_1' title='image "./deinstitutioneo07quingoog_0469.png"; bbox 0 0 2596 4710; ppageno 0'>
   <div class='ocr_carea' id='block_1_1' title="bbox 217 376 986 477">
    <p class='ocr_par' dir='ltr' id='par_1_1' title="bbox 217 376 986 477">
     <span class='ocr_line' id='line_1_1' title="bbox 217 376 986 477; baseline -0.013 -23"><span class='ocrx_word' id='word_1_1' title='bbox 217 405 291 476; x_wconf 75' lang='lat'><strong>37²</strong></span> <span class='ocrx_word' id='word_1_2' title='bbox 459 383 516 454; x_wconf 85' lang='grc' dir='ltr'><strong>Μ.</strong></span> <span class='ocrx_word' id='word_1_3' title='bbox 543 383 644 454; x_wconf 67' lang='lat' dir='ltr'><strong>riu.</strong></span> <span class='ocrx_word' id='word_1_4' title='bbox 671 376 986 477; x_wconf 72' lang='lat' dir='ltr'><strong>Qmmuuru</strong></span> 
     </span>
    </p>
   </div>
   <div class='ocr_carea' id='block_1_2' title="bbox 175 561 1268 1476">
    <p class='ocr_par' dir='ltr' id='par_1_2' title="bbox 175 561 1268 1476">
     <span class='ocr_line' id='line_1_2' title="bbox 215 561 1227 672; baseline -0.013 -22"><span class='ocrx_word' id='word_1_5' title='bbox 215 577 358 665; x_wconf 86' lang='lat' dir='ltr'><strong>mines,</strong></span> <span class='ocrx_word' id='word_1_6' title='bbox 387 574 533 672; x_wconf 87' lang='lat' dir='ltr'><strong>quibus</strong></span> <span class='ocrx_word' id='word_1_7' title='bbox 548 586 687 671; x_wconf 82' lang='lat' dir='ltr'><strong>negata</strong></span> <span class='ocrx_word' id='word_1_8' title='bbox 703 594 785 643; x_wconf 82' lang='lat' dir='ltr'><strong>vox</strong></span> <span class='ocrx_word' id='word_1_9' title='bbox 799 565 872 654; x_wconf 86' lang='lat' dir='ltr'><strong>est,</strong></span> <span class='ocrx_word' id='word_1_10' title='bbox 896 564 1140 664; x_wconf 81' lang='lat' dir='ltr'><strong>quanmlum</strong></span> <span class='ocrx_word' id='word_1_11' title='bbox 1158 561 1227 638; x_wconf 84' lang='lat' dir='ltr'><strong>arl-</strong></span> 
     </span>
     <span class='ocr_line' id='line_1_3' title="bbox 216 677 1226 786; baseline -0.015 -20"><span class='ocrx_word' id='word_1_12' title='bbox 216 696 329 785; x_wconf 87' lang='lat' dir='ltr'><strong>juvat</strong></span> <span class='ocrx_word' id='word_1_13' title='bbox 354 689 511 764; x_wconf 84' lang='lat' dir='ltr'><strong>animus</strong></span> <span class='ocrx_word' id='word_1_14' title='bbox 538 686 608 761; x_wconf 88' lang='lat' dir='ltr'><strong>ille</strong></span> <span class='ocrx_word' id='word_1_15' title='bbox 636 682 841 760; x_wconf 67' lang='lat' dir='ltr'><strong>coelestis?</strong></span> <span class='ocrx_word' id='word_1_16' title='bbox 901 687 1032 786; x_wconf 83' lang='lat' dir='ltr'><strong>Quare</strong></span> <span class='ocrx_word' id='word_1_17' title='bbox 1061 677 1089 752; x_wconf 86' lang='lat' dir='ltr'><strong>fi</strong></span> <span class='ocrx_word' id='word_1_18' title='bbox 1119 679 1226 752; x_wconf 86' lang='lat' dir='ltr'>nihil</span> 
     </span>
     <span class='ocr_line' id='line_1_4' title="bbox 217 794 1227 897; baseline -0.012 -19"><span class='ocrx_word' id='word_1_19' title='bbox 217 829 240 878; x_wconf 87' lang='lat' dir='ltr'><strong>a</strong></span> <span class='ocrx_word' id='word_1_20' title='bbox 264 803 340 879; x_wconf 89' lang='lat' dir='ltr'><strong>diis</strong></span> <span class='ocrx_word' id='word_1_21' title='bbox 367 804 546 879; x_wconf 87' lang='lat' dir='ltr'><strong>oratione</strong></span> <span class='ocrx_word' id='word_1_22' title='bbox 570 802 715 875; x_wconf 86' lang='lat' dir='ltr'><strong>melius</strong></span> <span class='ocrx_word' id='word_1_23' title='bbox 740 799 982 897; x_wconf 81' lang='lat' dir='ltr'><strong>accepimus,</strong></span> <span class='ocrx_word' id='word_1_24' title='bbox 1013 794 1115 894; x_wconf 89' lang='lat' dir='ltr'><strong>quid</strong></span> <span class='ocrx_word' id='word_1_25' title='bbox 1146 810 1227 867; x_wconf 80' lang='lat' dir='ltr'><strong>tant</strong></span> 
     </span>
     <span class='ocr_line' id='line_1_5' title="bbox 218 911 1225 1018; baseline -0.01 -26"><span class='ocrx_word' id='word_1_26' title='bbox 218 918 390 1018; x_wconf 87' lang='lat' dir='ltr'><strong>dignum</strong></span> <span class='ocrx_word' id='word_1_27' title='bbox 407 918 521 995; x_wconf 89' lang='lat' dir='ltr'><strong>cultu</strong></span> <span class='ocrx_word' id='word_1_28' title='bbox 538 941 580 989; x_wconf 84' lang='lat' dir='ltr'><strong>ac</strong></span> <span class='ocrx_word' id='word_1_29' title='bbox 598 916 733 990; x_wconf 85' lang='lat' dir='ltr'><strong>labore</strong></span> <span class='ocrx_word' id='word_1_30' title='bbox 754 913 965 999; x_wconf 80' lang='lat' dir='ltr'><strong>ducamus,</strong></span> <span class='ocrx_word' id='word_1_31' title='bbox 994 927 1064 985; x_wconf 82' lang='lat' dir='ltr'><strong>aut</strong></span> <span class='ocrx_word' id='word_1_32' title='bbox 1082 911 1225 1008; x_wconf 86' lang='lat' dir='ltr'><strong>inquo</strong></span> 
     </span>
     <span class='ocr_line' id='line_1_6' title="bbox 218 1019 1227 1131; baseline -0.009 -25"><span class='ocrx_word' id='word_1_33' title='bbox 218 1034 405 1107; x_wconf 85' lang='lat' dir='ltr'><strong>malimus</strong></span> <span class='ocrx_word' id='word_1_34' title='bbox 427 1029 618 1131; x_wconf 83' lang='lat' dir='ltr'><strong>praestare</strong></span> <span class='ocrx_word' id='word_1_35' title='bbox 634 1028 889 1116; x_wconf 81' lang='lat' dir='ltr'><strong>hominibus,</strong></span> <span class='ocrx_word' id='word_1_36' title='bbox 916 1051 1037 1126; x_wconf 87' lang='lat' dir='ltr'><strong>quam</strong></span> <span class='ocrx_word' id='word_1_37' title='bbox 1053 1050 1137 1123; x_wconf 90' lang='lat' dir='ltr'><strong>quo</strong></span> <span class='ocrx_word' id='word_1_38' title='bbox 1155 1019 1227 1123; x_wconf 86' lang='lat' dir='ltr'><strong>ipfi</strong></span> 
     </span>
     <span class='ocr_line' id='line_1_7' title="bbox 175 1126 1268 1242; baseline -0.009 -19"><span class='ocrx_word' id='word_1_39' title='bbox 175 1141 406 1223; x_wconf 77' lang='lat' dir='ltr'><strong>¹8homines</strong></span> <span class='ocrx_word' id='word_1_40' title='bbox 436 1146 574 1221; x_wconf 86' lang='lat' dir='ltr'><strong>ceteris</strong></span> <span class='ocrx_word' id='word_1_41' title='bbox 609 1144 846 1219; x_wconf 85' lang='lat' dir='ltr'>animalibus</span> <span class='ocrx_word' id='word_1_42' title='bbox 883 1137 1106 1242; x_wconf 68' lang='lat' dir='ltr'><strong>praestant?</strong></span> <span class='ocrx_word' id='word_1_43' title='bbox 1166 1144 1225 1214; x_wconf 87' lang='lat' dir='ltr'><strong>Eo</strong></span> <span class='ocrx_word' id='word_1_44' title='bbox 1262 1126 1268 1153; x_wconf 78' lang='lat'><strong>¹</strong></span> 
     </span>
     <span class='ocr_line' id='line_1_8' title="bbox 220 1253 1226 1360; baseline -0.007 -24"><span class='ocrx_word' id='word_1_45' title='bbox 220 1262 386 1360; x_wconf 87' lang='lat' dir='ltr'><strong>quidem</strong></span> <span class='ocrx_word' id='word_1_46' title='bbox 408 1261 551 1360; x_wconf 84' lang='lat' dir='ltr'><strong>magis,</strong></span> <span class='ocrx_word' id='word_1_47' title='bbox 582 1259 693 1359; x_wconf 91' lang='lat' dir='ltr'><strong>quod</strong></span> <span class='ocrx_word' id='word_1_48' title='bbox 720 1260 833 1335; x_wconf 85' lang='lat' dir='ltr'><strong>nulla</strong></span> <span class='ocrx_word' id='word_1_49' title='bbox 859 1260 904 1332; x_wconf 83' lang='lat' dir='ltr'><strong>in</strong></span> <span class='ocrx_word' id='word_1_50' title='bbox 930 1271 1040 1356; x_wconf 82' lang='lat' dir='ltr'><strong>parte</strong></span> <span class='ocrx_word' id='word_1_51' title='bbox 1065 1253 1226 1354; x_wconf 84' lang='lat' dir='ltr'><strong>plenius</strong></span> 
     </span>
     <span class='ocr_line' id='line_1_9' title="bbox 218 1367 1225 1476; baseline -0.008 -25"><span class='ocrx_word' id='word_1_52' title='bbox 218 1376 333 1451; x_wconf 84' lang='lat' dir='ltr'><strong>labor</strong></span> <span class='ocrx_word' id='word_1_53' title='bbox 347 1378 512 1476; x_wconf 81' lang='lat' dir='ltr'><strong>gratiam</strong></span> <span class='ocrx_word' id='word_1_54' title='bbox 528 1373 661 1451; x_wconf 80' lang='lat' dir='ltr'><strong>refert.</strong></span> <span class='ocrx_word' id='word_1_55' title='bbox 690 1375 736 1450; x_wconf 92' lang='lat' dir='ltr'><strong>Id</strong></span> <span class='ocrx_word' id='word_1_56' title='bbox 754 1373 854 1449; x_wconf 84' lang='lat' dir='ltr'><strong>adeo</strong></span> <span class='ocrx_word' id='word_1_57' title='bbox 870 1367 1125 1448; x_wconf 81' lang='lat' dir='ltr'><strong>manifestum</strong></span> <span class='ocrx_word' id='word_1_58' title='bbox 1139 1370 1225 1459; x_wconf 82' lang='lat' dir='ltr'><strong>erit,</strong></span> 
     </span>
    </p>
   </div>
   <div class='ocr_carea' id='block_1_3' title="bbox 135 1542 1227 3058">
    <p class='ocr_par' dir='ltr' id='par_1_3' title="bbox 284 1542 1225 1626">
     <span class='ocr_line' id='line_1_10' title="bbox 284 1542 1225 1626; baseline -0.002 -23"><span class='ocrx_word' id='word_1_59' title='bbox 284 1551 360 1603; x_wconf 77' lang='lat' dir='ltr'><strong>nulla</strong></span> <span class='ocrx_word' id='word_1_60' title='bbox 374 1581 415 1593; x_wconf 95' lang='grc'>-</span> <span class='ocrx_word' id='word_1_61' title='bbox 431 1568 517 1626; x_wconf 78' lang='lat' dir='ltr'><strong>perte.</strong></span> <span class='ocrx_word' id='word_1_62' title='bbox 560 1554 684 1626; x_wconf 81' lang='lat' dir='ltr'><strong>Apparet</strong></span> <span class='ocrx_word' id='word_1_63' title='bbox 702 1565 768 1606; x_wconf 73' lang='lat' dir='ltr'><strong>uota</strong></span> <span class='ocrx_word' id='word_1_64' title='bbox 784 1548 897 1606; x_wconf 67' lang='lat' dir='ltr'><strong>(delnoti</strong></span> <span class='ocrx_word' id='word_1_65' title='bbox 912 1542 1015 1608; x_wconf 76' lang='lat' dir='ltr'><strong>c&#39;ritica,</strong></span> <span class='ocrx_word' id='word_1_66' title='bbox 1028 1544 1147 1600; x_wconf 81' lang='lat' dir='ltr'><strong>voluiss&#39;e</strong></span> <span class='ocrx_word' id='word_1_67' title='bbox 1161 1564 1225 1601; x_wconf 81' lang='lat' dir='ltr'><strong>eum</strong></span> 
     </span>
    </p>

    <p class='ocr_par' dir='ltr' id='par_1_4' title="bbox 169 1629 1227 1710">
     <span class='ocr_line' id='line_1_11' title="bbox 169 1629 1227 1710; baseline -0.002 -25"><span class='ocrx_word' id='word_1_68' title='bbox 169 1668 180 1685; x_wconf 49' lang='lat' dir='ltr'><strong>r</strong></span> <span class='ocrx_word' id='word_1_69' title='bbox 219 1632 285 1688; x_wconf 80' lang='lat' dir='ltr'><strong>dere</strong></span> <span class='ocrx_word' id='word_1_70' title='bbox 302 1648 359 1689; x_wconf 81' lang='lat' dir='ltr'><strong>arte</strong></span> <span class='ocrx_word' id='word_1_71' title='bbox 375 1638 447 1709; x_wconf 87' lang='lat' dir='ltr'><strong>(pro</strong></span> <span class='ocrx_word' id='word_1_72' title='bbox 461 1638 552 1710; x_wconf 80' lang='lat' dir='ltr'><strong>parte)</strong></span> <span class='ocrx_word' id='word_1_73' title='bbox 568 1636 645 1709; x_wconf 89' lang='lat' dir='ltr'><strong>quod</strong></span> <span class='ocrx_word' id='word_1_74' title='bbox 660 1636 810 1690; x_wconf 82' lang='lat' dir='ltr'><strong>inventum</strong></span> <span class='ocrx_word' id='word_1_75' title='bbox 827 1635 858 1688; x_wconf 85' lang='lat' dir='ltr'><strong>iu</strong></span> <span class='ocrx_word' id='word_1_76' title='bbox 874 1632 960 1689; x_wconf 89' lang='lat' dir='ltr'><strong>Goth.</strong></span> <span class='ocrx_word' id='word_1_77' title='bbox 978 1631 1011 1687; x_wconf 75' lang='lat' dir='ltr'><strong>eb</strong></span> <span class='ocrx_word' id='word_1_78' title='bbox 1027 1629 1143 1707; x_wconf 65' lang='lat' dir='ltr'><strong>optimis</strong></span> <span class='ocrx_word' id='word_1_79' title='bbox 1155 1632 1227 1687; x_wconf 84' lang='lat' dir='ltr'><strong>But·</strong></span> 
     </span>
    </p>

    <p class='ocr_par' dir='ltr' id='par_1_5' title="bbox 219 1714 1225 1793">
     <span class='ocr_line' id='line_1_12' title="bbox 219 1714 1225 1793; baseline 0 -23"><span class='ocrx_word' id='word_1_80' title='bbox 219 1719 316 1771; x_wconf 81' lang='lat' dir='ltr'><strong>nunni</strong></span> <span class='ocrx_word' id='word_1_81' title='bbox 334 1715 413 1773; x_wconf 65' lang='lat' dir='ltr'><strong>libris</strong></span> <span class='ocrx_word' id='word_1_82' title='bbox 429 1714 541 1774; x_wconf 81' lang='lat' dir='ltr'><strong>delendi</strong></span> <span class='ocrx_word' id='word_1_83' title='bbox 555 1734 658 1774; x_wconf 75' lang='lat' dir='ltr'><strong>narret.</strong></span> <span class='ocrx_word' id='word_1_84' title='bbox 701 1718 754 1775; x_wconf 82' lang='lat' dir='ltr'><strong>Sed</strong></span> <span class='ocrx_word' id='word_1_85' title='bbox 769 1736 869 1793; x_wconf 82' lang='lat' dir='ltr'><strong>operae</strong></span> <span class='ocrx_word' id='word_1_86' title='bbox 884 1736 941 1773; x_wconf 86' lang='lat' dir='ltr'><strong>uon</strong></span> <span class='ocrx_word' id='word_1_87' title='bbox 956 1728 1119 1791; x_wconf 78' lang='lat' dir='ltr'><strong>paruerunt,</strong></span> <span class='ocrx_word' id='word_1_88' title='bbox 1135 1732 1225 1787; x_wconf 77' lang='lat' dir='ltr'><strong>neque</strong></span> 
     </span>
    </p>

    <p class='ocr_par' dir='ltr' id='par_1_6' title="bbox 221 1799 1226 1879">
     <span class='ocr_line' id='line_1_13' title="bbox 221 1799 1226 1879; baseline 0.001 -25"><span class='ocrx_word' id='word_1_89' title='bbox 221 1821 274 1879; x_wconf 80' lang='lat' dir='ltr'><strong>ego</strong></span> <span class='ocrx_word' id='word_1_90' title='bbox 290 1819 352 1855; x_wconf 82' lang='lat' dir='ltr'><strong>euru</strong></span> <span class='ocrx_word' id='word_1_91' title='bbox 368 1805 458 1858; x_wconf 75' lang='lat' dir='ltr'><strong>eastun</strong></span> <span class='ocrx_word' id='word_1_92' title='bbox 476 1802 605 1858; x_wconf 82' lang='lat' dir='ltr'><strong>inutilem</strong></span> <span class='ocrx_word' id='word_1_93' title='bbox 619 1818 706 1879; x_wconf 88' lang='lat' dir='ltr'><strong>puto,</strong></span> <span class='ocrx_word' id='word_1_94' title='bbox 729 1823 792 1857; x_wconf 90' lang='lat' dir='ltr'><strong>cum</strong></span> <span class='ocrx_word' id='word_1_95' title='bbox 810 1817 918 1877; x_wconf 72' lang='lat' dir='ltr'><strong>recepta</strong></span> <span class='ocrx_word' id='word_1_96' title='bbox 939 1816 1012 1856; x_wconf 83' lang='lat' dir='ltr'><strong>recte</strong></span> <span class='ocrx_word' id='word_1_97' title='bbox 1033 1799 1134 1854; x_wconf 87' lang='lat' dir='ltr'><strong>habere</strong></span> <span class='ocrx_word' id='word_1_98' title='bbox 1154 1800 1226 1855; x_wconf 81' lang='lat' dir='ltr'><strong>mihi</strong></span> 
     </span>
    </p>

    <p class='ocr_par' dir='ltr' id='par_1_7' title="bbox 220 1884 1224 1943">
     <span class='ocr_line' id='line_1_14' title="bbox 220 1884 1224 1943; baseline -0.001 -1"><span class='ocrx_word' id='word_1_99' title='bbox 220 1884 360 1942; x_wconf 74' lang='lat' dir='ltr'><strong>videatur.</strong></span> <span class='ocrx_word' id='word_1_100' title='bbox 403 1891 475 1942; x_wconf 83' lang='lat' dir='ltr'><strong>Sunt</strong></span> <span class='ocrx_word' id='word_1_101' title='bbox 497 1888 558 1943; x_wconf 81' lang='lat' dir='ltr'><strong>leue</strong></span> <span class='ocrx_word' id='word_1_102' title='bbox 578 1887 647 1943; x_wconf 87' lang='lat' dir='ltr'><strong>boni</strong></span> <span class='ocrx_word' id='word_1_103' title='bbox 667 1886 734 1943; x_wconf 86' lang='lat' dir='ltr'><strong>libri</strong></span> <span class='ocrx_word' id='word_1_104' title='bbox 746 1887 843 1942; x_wconf 80' lang='lat' dir='ltr'><strong>Tutic.</strong></span> <span class='ocrx_word' id='word_1_105' title='bbox 858 1885 938 1942; x_wconf 83' lang='lat' dir='ltr'><strong>Budl.</strong></span> <span class='ocrx_word' id='word_1_106' title='bbox 960 1884 1018 1940; x_wconf 71' lang='lat' dir='ltr'><strong>nal.</strong></span> <span class='ocrx_word' id='word_1_107' title='bbox 1040 1884 1114 1939; x_wconf 80' lang='lat' dir='ltr'><strong>Alm.</strong></span> <span class='ocrx_word' id='word_1_108' title='bbox 1137 1899 1166 1938; x_wconf 82' lang='lat' dir='ltr'><strong>et</strong></span> <span class='ocrx_word' id='word_1_109' title='bbox 1182 1885 1224 1941; x_wconf 88' lang='lat' dir='ltr'><strong>ed.</strong></span> 
     </span>
    </p>

    <p class='ocr_par' dir='ltr' id='par_1_8' title="bbox 135 1969 1225 2044">
     <span class='ocr_line' id='line_1_15' title="bbox 135 1969 1225 2044; baseline 0.001 -22"><span class='ocrx_word' id='word_1_110' title='bbox 135 2022 140 2029; x_wconf 86' lang='grc'><strong>,</strong></span> <span class='ocrx_word' id='word_1_111' title='bbox 221 1969 310 2023; x_wconf 75' lang='lat' dir='ltr'><strong>Andr.</strong></span> <span class='ocrx_word' id='word_1_112' title='bbox 322 1970 373 2043; x_wconf 88' lang='lat' dir='ltr'><strong>qui</strong></span> <span class='ocrx_word' id='word_1_113' title='bbox 385 1971 452 2026; x_wconf 79' lang='lat' dir='ltr'><strong>dant</strong></span> <span class='ocrx_word' id='word_1_114' title='bbox 467 1987 541 2035; x_wconf 77' lang='lat' dir='ltr'><strong>atre,</strong></span> <span class='ocrx_word' id='word_1_115' title='bbox 568 1972 612 2027; x_wconf 79' lang='lat' dir='ltr'><strong>sed</strong></span> <span class='ocrx_word' id='word_1_116' title='bbox 630 1971 707 2027; x_wconf 78' lang='lat' dir='ltr'><strong>solite</strong></span> <span class='ocrx_word' id='word_1_117' title='bbox 722 1973 758 2026; x_wconf 83' lang='lat' dir='ltr'><strong>est</strong></span> <span class='ocrx_word' id='word_1_118' title='bbox 774 1972 896 2039; x_wconf 59' lang='lat' dir='ltr'><strong>confusio</strong></span> <span class='ocrx_word' id='word_1_119' title='bbox 911 1970 989 2039; x_wconf 83' lang='lat' dir='ltr'><strong>(vid.</strong></span> <span class='ocrx_word' id='word_1_120' title='bbox 1006 1970 1072 2024; x_wconf 85' lang='lat' dir='ltr'><strong>Liv.</strong></span> <span class='ocrx_word' id='word_1_121' title='bbox 1093 1988 1117 2029; x_wconf 87' lang='grc' dir='ltr'><strong>ι,</strong></span> <span class='ocrx_word' id='word_1_122' title='bbox 1138 1982 1190 2037; x_wconf 77' lang='lat'><strong>15,</strong></span> <span class='ocrx_word' id='word_1_123' title='bbox 1205 1981 1225 2044; x_wconf 79' lang='lat'><strong>4</strong></span> 
     </span>
    </p>

    <p class='ocr_par' dir='ltr' id='par_1_9' title="bbox 220 2053 1225 2129">
     <span class='ocr_line' id='line_1_16' title="bbox 220 2053 1225 2129; baseline 0.002 -20"><span class='ocrx_word' id='word_1_124' title='bbox 220 2053 323 2129; x_wconf 84' lang='lat' dir='ltr'><strong>Dral.)</strong></span> <span class='ocrx_word' id='word_1_125' title='bbox 344 2056 374 2108; x_wconf 89' lang='lat' dir='ltr'><strong>in</strong></span> <span class='ocrx_word' id='word_1_126' title='bbox 396 2075 466 2129; x_wconf 22' lang='lat' dir='ltr'><strong>qua..</strong></span> <span class='ocrx_word' id='word_1_127' title='bbox 488 2073 521 2112; x_wconf 90' lang='lat' dir='ltr'><strong>ut</strong></span> <span class='ocrx_word' id='word_1_128' title='bbox 543 2056 686 2112; x_wconf 69' lang='lat' dir='ltr'><strong>confilium</strong></span> <span class='ocrx_word' id='word_1_129' title='bbox 706 2056 814 2111; x_wconf 81' lang='lat' dir='ltr'><strong>librarii</strong></span> <span class='ocrx_word' id='word_1_130' title='bbox 835 2058 974 2110; x_wconf 74' lang='lat' dir='ltr'><strong>verlatunt</strong></span> <span class='ocrx_word' id='word_1_131' title='bbox 991 2055 1094 2116; x_wconf 83' lang='lat' dir='ltr'><strong>luerit,</strong></span> <span class='ocrx_word' id='word_1_132' title='bbox 1116 2072 1173 2108; x_wconf 86' lang='lat' dir='ltr'><strong>non</strong></span> <span class='ocrx_word' id='word_1_133' title='bbox 1190 2057 1225 2111; x_wconf 83' lang='lat' dir='ltr'><strong>est</strong></span> 
     </span>
    </p>

    <p class='ocr_par' dir='ltr' id='par_1_10' title="bbox 220 2139 1224 2217">
     <span class='ocr_line' id='line_1_17' title="bbox 220 2139 1224 2217; baseline 0.003 -26"><span class='ocrx_word' id='word_1_134' title='bbox 220 2139 332 2192; x_wconf 83' lang='lat' dir='ltr'><strong>neceffe.</strong></span> <span class='ocrx_word' id='word_1_135' title='bbox 381 2142 466 2201; x_wconf 79' lang='lat' dir='ltr'><strong>Pars,</strong></span> <span class='ocrx_word' id='word_1_136' title='bbox 495 2161 559 2195; x_wconf 88' lang='lat' dir='ltr'><strong>cum</strong></span> <span class='ocrx_word' id='word_1_137' title='bbox 583 2145 614 2196; x_wconf 77' lang='lat' dir='ltr'><strong>sit</strong></span> <span class='ocrx_word' id='word_1_138' title='bbox 635 2160 717 2214; x_wconf 83' lang='lat' dir='ltr'><strong>quam</strong></span> <span class='ocrx_word' id='word_1_139' title='bbox 739 2141 823 2195; x_wconf 88' lang='lat' dir='ltr'><strong>hodie</strong></span> <span class='ocrx_word' id='word_1_140' title='bbox 845 2155 947 2195; x_wconf 76' lang='lat' dir='ltr'><strong>vocant</strong></span> <span class='ocrx_word' id='word_1_141' title='bbox 963 2139 1097 2215; x_wconf 74' lang='lat' dir='ltr'><strong>speciem,</strong></span> <span class='ocrx_word' id='word_1_142' title='bbox 1129 2140 1224 2217; x_wconf 81' lang='lat' dir='ltr'><strong>generi</strong></span> 
     </span>
    </p>

    <p class='ocr_par' dir='ltr' id='par_1_11' title="bbox 220 2222 1222 2299">
     <span class='ocr_line' id='line_1_18' title="bbox 220 2222 1222 2299; baseline 0.003 -22"><span class='ocrx_word' id='word_1_143' title='bbox 220 2222 387 2294; x_wconf 74' lang='lat' dir='ltr'><strong>subjectum,</strong></span> <span class='ocrx_word' id='word_1_144' title='bbox 408 2225 477 2299; x_wconf 85' lang='lat' dir='ltr'><strong>quid</strong></span> <span class='ocrx_word' id='word_1_145' title='bbox 497 2241 575 2282; x_wconf 73' lang='lat' dir='ltr'><strong>vetat</strong></span> <span class='ocrx_word' id='word_1_146' title='bbox 594 2226 664 2278; x_wconf 87' lang='lat' dir='ltr'><strong>dici:</strong></span> <span class='ocrx_word' id='word_1_147' title='bbox 687 2227 763 2279; x_wconf 81' lang='lat' dir='ltr'><strong>nulla</strong></span> <span class='ocrx_word' id='word_1_148' title='bbox 787 2229 814 2278; x_wconf 84' lang='lat' dir='ltr'><strong>in</strong></span> <span class='ocrx_word' id='word_1_149' title='bbox 836 2241 915 2299; x_wconf 80' lang='lat' dir='ltr'><strong>parte</strong></span> <span class='ocrx_word' id='word_1_150' title='bbox 931 2242 1017 2298; x_wconf 79' lang='lat' dir='ltr'><strong>aeque</strong></span> <span class='ocrx_word' id='word_1_151' title='bbox 1031 2242 1076 2276; x_wconf 80' lang='lat' dir='ltr'><strong>ac:</strong></span> <span class='ocrx_word' id='word_1_152' title='bbox 1104 2226 1181 2280; x_wconf 75' lang='lat' dir='ltr'><strong>nullo</strong></span> <span class='ocrx_word' id='word_1_153' title='bbox 1196 2230 1222 2280; x_wconf 81' lang='lat' dir='ltr'><strong>in</strong></span> 
     </span>
    </p>

    <p class='ocr_par' dir='ltr' id='par_1_12' title="bbox 218 2307 1223 2382">
     <span class='ocr_line' id='line_1_19' title="bbox 218 2307 1223 2382; baseline 0.005 -21"><span class='ocrx_word' id='word_1_154' title='bbox 218 2326 332 2381; x_wconf 75' lang='lat' dir='ltr'><strong>genere,</strong></span> <span class='ocrx_word' id='word_1_155' title='bbox 351 2309 380 2379; x_wconf 80' lang='lat' dir='ltr'><strong>iu</strong></span> <span class='ocrx_word' id='word_1_156' title='bbox 395 2326 453 2381; x_wconf 85' lang='lat' dir='ltr'><strong>quo</strong></span> <span class='ocrx_word' id='word_1_157' title='bbox 468 2328 551 2364; x_wconf 83' lang='lat' dir='ltr'><strong>neruo</strong></span> <span class='ocrx_word' id='word_1_158' title='bbox 572 2309 681 2362; x_wconf 82' lang='lat' dir='ltr'><strong>haereat</strong></span> <span class='ocrx_word' id='word_1_159' title='bbox 699 2310 834 2382; x_wconf 84' lang='lat' dir='ltr'><strong>prolecto.</strong></span> <span class='ocrx_word' id='word_1_160' title='bbox 877 2310 943 2364; x_wconf 86' lang='lat' dir='ltr'><strong>Liv.</strong></span> <span class='ocrx_word' id='word_1_161' title='bbox 960 2322 1008 2380; x_wconf 74' lang='lat'><strong>39,</strong></span> <span class='ocrx_word' id='word_1_162' title='bbox 1026 2307 1075 2375; x_wconf 76' lang='lat'><strong>56.</strong></span> <span class='ocrx_word' id='word_1_163' title='bbox 1090 2318 1111 2381; x_wconf 80' lang='lat'>4</span> <span class='ocrx_word' id='word_1_164' title='bbox 1126 2328 1180 2370; x_wconf 86' lang='lat' dir='ltr'><strong>„ue</strong></span> <span class='ocrx_word' id='word_1_165' title='bbox 1195 2313 1223 2366; x_wconf 75' lang='lat' dir='ltr'><strong>iu</strong></span> 
     </span>
    </p>

    <p class='ocr_par' dir='ltr' id='par_1_13' title="bbox 218 2389 1223 2466">
     <span class='ocr_line' id='line_1_20' title="bbox 218 2389 1223 2466; baseline 0.004 -22"><span class='ocrx_word' id='word_1_166' title='bbox 218 2389 295 2450; x_wconf 73' lang='lat' dir='ltr'><strong>„utta</strong></span> <span class='ocrx_word' id='word_1_167' title='bbox 309 2406 386 2462; x_wconf 79' lang='lat' dir='ltr'><strong>parte</strong></span> <span class='ocrx_word' id='word_1_168' title='bbox 402 2390 549 2447; x_wconf 68' lang='lat' dir='ltr'><strong>erudelitas</strong></span> <span class='ocrx_word' id='word_1_169' title='bbox 563 2412 660 2447; x_wconf 84' lang='lat' dir='ltr'><strong>eorum</strong></span> <span class='ocrx_word' id='word_1_170' title='bbox 675 2394 814 2447; x_wconf 80' lang='lat' dir='ltr'><strong>ceffaret.“</strong></span> <span class='ocrx_word' id='word_1_171' title='bbox 835 2409 863 2447; x_wconf 87' lang='lat' dir='ltr'><strong>et</strong></span> <span class='ocrx_word' id='word_1_172' title='bbox 877 2394 944 2448; x_wconf 81' lang='lat' dir='ltr'><strong>nost.</strong></span> <span class='ocrx_word' id='word_1_173' title='bbox 962 2411 1030 2445; x_wconf 87' lang='lat' dir='ltr'><strong>mox</strong></span> <span class='ocrx_word' id='word_1_174' title='bbox 1049 2408 1094 2458; x_wconf 87' lang='lat'><strong>17,</strong></span> <span class='ocrx_word' id='word_1_175' title='bbox 1113 2414 1126 2447; x_wconf 83' lang='lat'>1</span> <span class='ocrx_word' id='word_1_176' title='bbox 1144 2411 1223 2466; x_wconf 80' lang='lat' dir='ltr'><strong>parte</strong></span> 
     </span>
    </p>

    <p class='ocr_par' dir='ltr' id='par_1_14' title="bbox 218 2473 1224 2550">
     <span class='ocr_line' id='line_1_21' title="bbox 218 2473 1224 2550; baseline 0.007 -24"><span class='ocrx_word' id='word_1_177' title='bbox 218 2474 249 2526; x_wconf 81' lang='lat' dir='ltr'><strong>in</strong></span> <span class='ocrx_word' id='word_1_178' title='bbox 266 2473 323 2527; x_wconf 79' lang='lat' dir='ltr'><strong>hec.</strong></span> <span class='ocrx_word' id='word_1_179' title='bbox 354 2493 376 2526; x_wconf 89' lang='lat' dir='ltr'><strong>c.</strong></span> <span class='ocrx_word' id='word_1_180' title='bbox 399 2485 451 2544; x_wconf 66' lang='lat'><strong>¹8³</strong></span> <span class='ocrx_word' id='word_1_181' title='bbox 473 2489 492 2542; x_wconf 82' lang='lat'><em>5</em></span> <span class='ocrx_word' id='word_1_182' title='bbox 511 2476 633 2550; x_wconf 73' lang='lat' dir='ltr'><strong>inpane</strong></span> <span class='ocrx_word' id='word_1_183' title='bbox 648 2479 778 2532; x_wconf 74' lang='lat' dir='ltr'><strong>oratoria.</strong></span> <span class='ocrx_word' id='word_1_184' title='bbox 806 2479 838 2532; x_wconf 93' lang='lat' dir='ltr'><strong>it.</strong></span> <span class='ocrx_word' id='word_1_185' title='bbox 858 2493 904 2538; x_wconf 81' lang='lat'><strong>12.</strong></span> <span class='ocrx_word' id='word_1_186' title='bbox 924 2499 948 2538; x_wconf 86' lang='grc' dir='ltr'><strong>ι,</strong></span> <span class='ocrx_word' id='word_1_187' title='bbox 968 2475 1004 2532; x_wconf 86' lang='lat'><strong>16</strong></span> <span class='ocrx_word' id='word_1_188' title='bbox 1020 2479 1081 2533; x_wconf 82' lang='lat' dir='ltr'><strong>Nec</strong></span> <span class='ocrx_word' id='word_1_189' title='bbox 1098 2481 1141 2533; x_wconf 87' lang='grc' dir='ltr'><strong>Μ.</strong></span> <span class='ocrx_word' id='word_1_190' title='bbox 1155 2476 1224 2533; x_wconf 89' lang='lat' dir='ltr'><strong>Tul·</strong></span> 
     </span>
    </p>

    <p class='ocr_par' dir='ltr' id='par_1_15' title="bbox 217 2555 1221 2639">
     <span class='ocr_line' id='line_1_22' title="bbox 217 2555 1221 2639; baseline 0.008 -28"><span class='ocrx_word' id='word_1_191' title='bbox 217 2555 259 2618; x_wconf 79' lang='lat' dir='ltr'><strong>lio</strong></span> <span class='ocrx_word' id='word_1_192' title='bbox 274 2556 389 2612; x_wconf 79' lang='lat' dir='ltr'><strong>deluille</strong></span> <span class='ocrx_word' id='word_1_193' title='bbox 411 2562 438 2613; x_wconf 79' lang='lat' dir='ltr'><strong>t&#39;n</strong></span> <span class='ocrx_word' id='word_1_194' title='bbox 462 2561 518 2614; x_wconf 81' lang='lat' dir='ltr'><strong>ulla</strong></span> <span class='ocrx_word' id='word_1_195' title='bbox 542 2577 677 2634; x_wconf 79' lang='lat' dir='ltr'><strong>parte-</strong></span> <span class='ocrx_word' id='word_1_196' title='bbox 699 2560 884 2617; x_wconf 78' lang='lat' dir='ltr'><strong>voluntatem.</strong></span> <span class='ocrx_word' id='word_1_197' title='bbox 920 2584 943 2621; x_wconf 85' lang='grc' dir='ltr'><strong>ι,</strong></span> <span class='ocrx_word' id='word_1_198' title='bbox 960 2576 994 2628; x_wconf 83' lang='lat'><strong>5,</strong></span> <span class='ocrx_word' id='word_1_199' title='bbox 1013 2576 1057 2627; x_wconf 85' lang='lat'><strong>17.</strong></span> <span class='ocrx_word' id='word_1_200' title='bbox 1083 2583 1109 2622; x_wconf 87' lang='lat'><strong>1-,</strong></span> <span class='ocrx_word' id='word_1_201' title='bbox 1128 2578 1155 2629; x_wconf 88' lang='lat'><strong>7,</strong></span> <span class='ocrx_word' id='word_1_202' title='bbox 1175 2583 1221 2639; x_wconf 80' lang='lat'><strong>19.</strong></span> 
     </span>
    </p>

    <p class='ocr_par' dir='ltr' id='par_1_16' title="bbox 222 2644 1222 2721">
     <span class='ocr_line' id='line_1_23' title="bbox 222 2644 1222 2721; baseline 0.008 -26"><span class='ocrx_word' id='word_1_203' title='bbox 222 2660 248 2703; x_wconf 84' lang='grc' dir='ltr'><strong>ι,</strong></span> <span class='ocrx_word' id='word_1_204' title='bbox 267 2661 313 2702; x_wconf 83' lang='grc' dir='ltr'><strong>ιο,</strong></span> <span class='ocrx_word' id='word_1_205' title='bbox 331 2653 425 2714; x_wconf 71' lang='grc' dir='ltr'><strong>4.5ι.</strong></span> <span class='ocrx_word' id='word_1_206' title='bbox 456 2644 550 2718; x_wconf 59' lang='grc'><strong>5,,6,</strong></span> <span class='ocrx_word' id='word_1_207' title='bbox 577 2646 625 2712; x_wconf 77' lang='lat'><strong>63.</strong></span> <span class='ocrx_word' id='word_1_208' title='bbox 656 2656 809 2718; x_wconf 76' lang='lat'><strong>3,8‚14.</strong></span> <span class='ocrx_word' id='word_1_209' title='bbox 854 2647 979 2720; x_wconf 72' lang='lat' dir='ltr'><strong>Accipies</strong></span> <span class='ocrx_word' id='word_1_210' title='bbox 995 2647 1077 2699; x_wconf 81' lang='lat' dir='ltr'><strong>etiam</strong></span> <span class='ocrx_word' id='word_1_211' title='bbox 1094 2666 1147 2721; x_wconf 89' lang='lat' dir='ltr'><strong>pro</strong></span> <span class='ocrx_word' id='word_1_212' title='bbox 1163 2670 1222 2703; x_wconf 71' lang='lat' dir='ltr'><strong>nru-</strong></span> 
     </span>
    </p>

    <p class='ocr_par' dir='ltr' id='par_1_17' title="bbox 217 2726 1221 2808">
     <span class='ocr_line' id='line_1_24' title="bbox 217 2726 1221 2808; baseline 0.005 -28"><span class='ocrx_word' id='word_1_213' title='bbox 217 2746 305 2798; x_wconf 74' lang='lat' dir='ltr'><strong>quam.</strong></span> <span class='ocrx_word' id='word_1_214' title='bbox 335 2726 430 2786; x_wconf 81' lang='lat' dir='ltr'><strong>„nulla</strong></span> <span class='ocrx_word' id='word_1_215' title='bbox 452 2730 482 2780; x_wconf 84' lang='lat' dir='ltr'><strong>iu</strong></span> <span class='ocrx_word' id='word_1_216' title='bbox 505 2741 581 2783; x_wconf 54' lang='lat' dir='ltr'><strong>arte·</strong></span> <span class='ocrx_word' id='word_1_217' title='bbox 597 2731 736 2808; x_wconf 76' lang='lat' dir='ltr'><strong>angustius</strong></span> <span class='ocrx_word' id='word_1_218' title='bbox 752 2729 788 2783; x_wconf 76' lang='lat' dir='ltr'><strong>ott</strong></span> <span class='ocrx_word' id='word_1_219' title='bbox 803 2732 970 2790; x_wconf 83' lang='lat' dir='ltr'><strong>coercitum,</strong></span> <span class='ocrx_word' id='word_1_220' title='bbox 991 2749 1074 2802; x_wconf 79' lang='lat' dir='ltr'><strong>quam</strong></span> <span class='ocrx_word' id='word_1_221' title='bbox 1089 2751 1142 2805; x_wconf 81' lang='lat' dir='ltr'><strong>pro</strong></span> <span class='ocrx_word' id='word_1_222' title='bbox 1157 2752 1221 2786; x_wconf 86' lang='lat' dir='ltr'><strong>cou-</strong></span> 
     </span>
    </p>

    <p class='ocr_par' dir='ltr' id='par_1_18' title="bbox 139 2808 1221 2885">
     <span class='ocr_line' id='line_1_25' title="bbox 139 2808 1221 2885; baseline 0.007 -23"><span class='ocrx_word' id='word_1_223' title='bbox 139 2838 142 2845; x_wconf 96' lang='lat'>·</span> <span class='ocrx_word' id='word_1_224' title='bbox 216 2808 277 2863; x_wconf 80' lang='lat' dir='ltr'><strong>filio</strong></span> <span class='ocrx_word' id='word_1_225' title='bbox 299 2811 447 2883; x_wconf 76' lang='lat' dir='ltr'><strong>scriptorii.</strong></span> <span class='ocrx_word' id='word_1_226' title='bbox 496 2814 596 2885; x_wconf 80' lang='lat' dir='ltr'><strong>Neque</strong></span> <span class='ocrx_word' id='word_1_227' title='bbox 617 2816 690 2867; x_wconf 82' lang='lat' dir='ltr'><strong>enim</strong></span> <span class='ocrx_word' id='word_1_228' title='bbox 714 2816 812 2868; x_wconf 75' lang='lat' dir='ltr'><strong>ceteris</strong></span> <span class='ocrx_word' id='word_1_229' title='bbox 833 2815 936 2869; x_wconf 76' lang='lat' dir='ltr'><strong>artibus</strong></span> <span class='ocrx_word' id='word_1_230' title='bbox 961 2814 1063 2876; x_wconf 82' lang='lat' dir='ltr'><strong>solum,</strong></span> <span class='ocrx_word' id='word_1_231' title='bbox 1092 2818 1137 2872; x_wconf 80' lang='lat' dir='ltr'><strong>ted</strong></span> <span class='ocrx_word' id='word_1_232' title='bbox 1159 2817 1221 2871; x_wconf 75' lang='lat' dir='ltr'><strong>aliie</strong></span> 
     </span>
    </p>

    <p class='ocr_par' dir='ltr' id='par_1_19' title="bbox 215 2895 1221 3058">
     <span class='ocr_line' id='line_1_26' title="bbox 215 2895 1221 2976; baseline 0.01 -30"><span class='ocrx_word' id='word_1_233' title='bbox 215 2911 328 2966; x_wconf 84' lang='lat' dir='ltr'><strong>quoque</strong></span> <span class='ocrx_word' id='word_1_234' title='bbox 351 2895 479 2949; x_wconf 75' lang='lat' dir='ltr'><strong>humenis</strong></span> <span class='ocrx_word' id='word_1_235' title='bbox 502 2896 662 2958; x_wconf 77' lang='lat' dir='ltr'><strong>conatibus,</strong></span> <span class='ocrx_word' id='word_1_236' title='bbox 684 2899 816 2968; x_wconf 77' lang='lat' dir='ltr'><strong>majorem</strong></span> <span class='ocrx_word' id='word_1_237' title='bbox 842 2900 959 2976; x_wconf 74' lang='lat' dir='ltr'><strong>gratiam</strong></span> <span class='ocrx_word' id='word_1_238' title='bbox 981 2899 1083 2955; x_wconf 84' lang='lat' dir='ltr'><strong>referre</strong></span> <span class='ocrx_word' id='word_1_239' title='bbox 1107 2903 1147 2957; x_wconf 82' lang='lat' dir='ltr'><strong>ait</strong></span> <span class='ocrx_word' id='word_1_240' title='bbox 1166 2901 1221 2957; x_wconf 80' lang='lat' dir='ltr'><strong>elo·</strong></span> 
     </span>
     <span class='ocr_line' id='line_1_27' title="bbox 215 2979 1050 3058; baseline 0.008 -27"><span class='ocrx_word' id='word_1_241' title='bbox 215 2979 368 3050; x_wconf 79' lang='lat' dir='ltr'><strong>quentium.</strong></span> <span class='ocrx_word' id='word_1_242' title='bbox 411 2979 504 3035; x_wconf 84' lang='lat' dir='ltr'><strong>Guelf.</strong></span> <span class='ocrx_word' id='word_1_243' title='bbox 518 2982 590 3053; x_wconf 72' lang='lat' dir='ltr'><strong>lens.</strong></span> <span class='ocrx_word' id='word_1_244' title='bbox 607 2983 747 3055; x_wconf 85' lang='lat' dir='ltr'><strong>ceterique</strong></span> <span class='ocrx_word' id='word_1_245' title='bbox 762 2984 818 3036; x_wconf 88' lang='lat' dir='ltr'><strong>mei</strong></span> <span class='ocrx_word' id='word_1_246' title='bbox 832 3001 942 3037; x_wconf 82' lang='lat' dir='ltr'><strong>omues:</strong></span> <span class='ocrx_word' id='word_1_247' title='bbox 963 3000 1050 3058; x_wconf 78' lang='lat' dir='ltr'><strong>parte.</strong></span> 
     </span>
    </p>
   </div>
   <div class='ocr_carea' id='block_1_4' title="bbox 193 3090 1221 4274">
    <p class='ocr_par' dir='ltr' id='par_1_20' title="bbox 212 3090 1221 3601">
     <span class='ocr_line' id='line_1_28' title="bbox 215 3090 1217 3174; baseline 0.012 -28"><span class='ocrx_word' id='word_1_248' title='bbox 215 3090 287 3147; x_wconf 82' lang='lat' dir='ltr'><strong>bunt</strong></span> <span class='ocrx_word' id='word_1_249' title='bbox 302 3091 463 3168; x_wconf 68' lang='lat' dir='ltr'><strong>hujusmodi</strong></span> <span class='ocrx_word' id='word_1_250' title='bbox 477 3095 625 3150; x_wconf 76' lang='lat' dir='ltr'><strong>auctores?</strong></span> <span class='ocrx_word' id='word_1_251' title='bbox 646 3098 695 3154; x_wconf 84' lang='lat' dir='ltr'><strong>vi·</strong></span> <span class='ocrx_word' id='word_1_252' title='bbox 779 3099 853 3153; x_wconf 77' lang='lat' dir='ltr'><strong>nulla</strong></span> <span class='ocrx_word' id='word_1_253' title='bbox 875 3128 916 3142; x_wconf 91' lang='lat'><em>-</em></span> <span class='ocrx_word' id='word_1_254' title='bbox 936 3116 1022 3174; x_wconf 82' lang='lat' dir='ltr'><strong>parte.</strong></span> <span class='ocrx_word' id='word_1_255' title='bbox 1060 3101 1120 3157; x_wconf 82' lang='lat' dir='ltr'><strong>vid.</strong></span> <span class='ocrx_word' id='word_1_256' title='bbox 1156 3118 1217 3159; x_wconf 81' lang='lat' dir='ltr'><strong>not.</strong></span> 
     </span>
     <span class='ocr_line' id='line_1_29' title="bbox 214 3175 1221 3251; baseline 0.013 -22"><span class='ocrx_word' id='word_1_257' title='bbox 214 3175 317 3230; x_wconf 84' lang='lat' dir='ltr'><strong>dentur</strong></span> <span class='ocrx_word' id='word_1_258' title='bbox 334 3178 428 3251; x_wconf 79' lang='lat' dir='ltr'><strong>itaque</strong></span> <span class='ocrx_word' id='word_1_259' title='bbox 446 3180 516 3236; x_wconf 82' lang='lat' dir='ltr'><strong>hisce</strong></span> <span class='ocrx_word' id='word_1_260' title='bbox 532 3181 617 3234; x_wconf 90' lang='lat' dir='ltr'><strong>medii</strong></span> <span class='ocrx_word' id='word_1_261' title='bbox 633 3182 695 3237; x_wconf 76' lang='lat' dir='ltr'><strong>aevi</strong></span> <span class='ocrx_word' id='word_1_262' title='bbox 738 3184 809 3239; x_wconf 87' lang='lat' dir='ltr'><strong>Crit.</strong></span> <span class='ocrx_word' id='word_1_263' title='bbox 1216 3188 1221 3199; x_wconf 92' lang='grc'><strong>’</strong></span> 
     </span>
     <span class='ocr_line' id='line_1_30' title="bbox 212 3260 1216 3342; baseline 0.01 -27"><span class='ocrx_word' id='word_1_264' title='bbox 212 3260 339 3315; x_wconf 73' lang='lat' dir='ltr'><strong>sordibus</strong></span> <span class='ocrx_word' id='word_1_265' title='bbox 354 3264 492 3341; x_wconf 74' lang='lat' dir='ltr'><strong>purgandi</strong></span> <span class='ocrx_word' id='word_1_266' title='bbox 501 3264 567 3319; x_wconf 85' lang='lat' dir='ltr'><strong>boui</strong></span> <span class='ocrx_word' id='word_1_267' title='bbox 582 3267 694 3339; x_wconf 87' lang='lat' dir='ltr'><strong>scripto·</strong></span> <span class='ocrx_word' id='word_1_268' title='bbox 779 3268 811 3320; x_wconf 81' lang='lat' dir='ltr'><strong>Id</strong></span> <span class='ocrx_word' id='word_1_269' title='bbox 831 3267 909 3321; x_wconf 79' lang='lat' dir='ltr'><strong>adeo.</strong></span> <span class='ocrx_word' id='word_1_270' title='bbox 951 3268 1029 3322; x_wconf 84' lang='lat' dir='ltr'><strong>Adeo</strong></span> <span class='ocrx_word' id='word_1_271' title='bbox 1056 3269 1216 3342; x_wconf 72' lang='lat' dir='ltr'><strong>potestatem</strong></span> 
     </span>
     <span class='ocr_line' id='line_1_31' title="bbox 213 3349 1218 3434; baseline 0.014 -39"><span class='ocrx_word' id='word_1_272' title='bbox 213 3361 266 3404; x_wconf 76' lang='lat' dir='ltr'><strong>res,</strong></span> <span class='ocrx_word' id='word_1_273' title='bbox 287 3360 319 3398; x_wconf 87' lang='lat' dir='ltr'><strong>ut</strong></span> <span class='ocrx_word' id='word_1_274' title='bbox 335 3349 500 3403; x_wconf 80' lang='lat' dir='ltr'><strong>rationabilis</strong></span> <span class='ocrx_word' id='word_1_275' title='bbox 514 3351 569 3420; x_wconf 80' lang='lat' dir='ltr'><strong>jam</strong></span> <span class='ocrx_word' id='word_1_276' title='bbox 584 3350 692 3403; x_wconf 75' lang='lat' dir='ltr'><strong>nonnisi</strong></span> <span class='ocrx_word' id='word_1_277' title='bbox 734 3350 817 3405; x_wconf 80' lang='lat' dir='ltr'><strong>lubet</strong></span> <span class='ocrx_word' id='word_1_278' title='bbox 833 3352 981 3412; x_wconf 82' lang='lat' dir='ltr'><strong>rariorem,</strong></span> <span class='ocrx_word' id='word_1_279' title='bbox 1009 3352 1060 3406; x_wconf 84' lang='lat' dir='ltr'><strong>ubi</strong></span> <span class='ocrx_word' id='word_1_280' title='bbox 1075 3352 1218 3434; x_wconf 79' lang='lat' dir='ltr'><strong>subjungi·</strong></span> 
     </span>
     <span class='ocr_line' id='line_1_32' title="bbox 212 3428 1218 3510; baseline 0.014 -31"><span class='ocrx_word' id='word_1_281' title='bbox 212 3428 287 3503; x_wconf 73' lang='lat' dir='ltr'><strong>apud</strong></span> <span class='ocrx_word' id='word_1_282' title='bbox 310 3431 447 3508; x_wconf 75' lang='lat' dir='ltr'><strong>cangium</strong></span> <span class='ocrx_word' id='word_1_283' title='bbox 464 3448 612 3504; x_wconf 78' lang='lat' dir='ltr'><strong>quaeratur</strong></span> <span class='ocrx_word' id='word_1_284' title='bbox 628 3454 691 3487; x_wconf 85' lang='lat' dir='ltr'><strong>euru</strong></span> <span class='ocrx_word' id='word_1_285' title='bbox 735 3449 799 3495; x_wconf 86' lang='lat' dir='ltr'><strong>tur,</strong></span> <span class='ocrx_word' id='word_1_286' title='bbox 821 3435 1105 3510; x_wconf 81' lang='lat' dir='ltr'><strong>etlereestprovero,·</strong></span> <span class='ocrx_word' id='word_1_287' title='bbox 1128 3440 1218 3494; x_wconf 79' lang='lat' dir='ltr'><strong>conti.</strong></span> 
     </span>
     <span class='ocr_line' id='line_1_33' title="bbox 213 3515 1217 3601; baseline 0.013 -37"><span class='ocrx_word' id='word_1_288' title='bbox 213 3528 332 3589; x_wconf 80' lang='lat' dir='ltr'><strong>cognato</strong></span> <span class='ocrx_word' id='word_1_289' title='bbox 347 3518 395 3568; x_wconf 86' lang='lat' dir='ltr'><strong>[uo</strong></span> <span class='ocrx_word' id='word_1_290' title='bbox 409 3515 585 3590; x_wconf 75' lang='lat' dir='ltr'><strong>ruisomrable.</strong></span> <span class='ocrx_word' id='word_1_291' title='bbox 732 3521 873 3579; x_wconf 69' lang='lat' dir='ltr'><strong>unitioni,</strong></span> <span class='ocrx_word' id='word_1_292' title='bbox 901 3519 1097 3601; x_wconf 58' lang='lat' dir='ltr'><strong>explieapioni‚</strong></span> <span class='ocrx_word' id='word_1_293' title='bbox 1132 3522 1217 3577; x_wconf 83' lang='lat' dir='ltr'><strong>inser·</strong></span> 
     </span>
    </p>

    <p class='ocr_par' dir='ltr' id='par_1_21' title="bbox 193 3596 1217 4274">
     <span class='ocr_line' id='line_1_34' title="bbox 252 3596 1217 3680; baseline 0.015 -32"><span class='ocrx_word' id='word_1_294' title='bbox 252 3596 435 3670; x_wconf 71' lang='lat' dir='ltr'><strong>praestare—</strong></span> <span class='ocrx_word' id='word_1_295' title='bbox 442 3600 588 3674; x_wconf 77' lang='lat' dir='ltr'><strong>praestant.</strong></span> <span class='ocrx_word' id='word_1_296' title='bbox 596 3604 692 3662; x_wconf 79' lang='lat' dir='ltr'><strong>„Prae-</strong></span> <span class='ocrx_word' id='word_1_297' title='bbox 731 3605 820 3664; x_wconf 71' lang='lat' dir='ltr'><strong>vient,</strong></span> <span class='ocrx_word' id='word_1_298' title='bbox 830 3603 876 3657; x_wconf 85' lang='lat' dir='ltr'><strong>ubi</strong></span> <span class='ocrx_word' id='word_1_299' title='bbox 887 3603 1050 3676; x_wconf 83' lang='lat' dir='ltr'><strong>plerumque</strong></span> <span class='ocrx_word' id='word_1_300' title='bbox 1059 3608 1217 3680; x_wconf 75' lang='lat' dir='ltr'><strong>praemitti·</strong></span> 
     </span>
     <span class='ocr_line' id='line_1_35' title="bbox 208 3677 1214 3763; baseline 0.017 -33"><span class='ocrx_word' id='word_1_301' title='bbox 208 3677 334 3736; x_wconf 69' lang='lat' dir='ltr'><strong>„clerum</strong></span> <span class='ocrx_word' id='word_1_302' title='bbox 349 3682 422 3737; x_wconf 84' lang='lat' dir='ltr'><strong>milri</strong></span> <span class='ocrx_word' id='word_1_303' title='bbox 434 3685 548 3738; x_wconf 86' lang='lat' dir='ltr'><strong>videtur</strong></span> <span class='ocrx_word' id='word_1_304' title='bbox 557 3685 689 3758; x_wconf 77' lang='lat' dir='ltr'><strong>quiddam</strong></span> <span class='ocrx_word' id='word_1_305' title='bbox 733 3702 779 3741; x_wconf 87' lang='lat' dir='ltr'><strong>tur</strong></span> <span class='ocrx_word' id='word_1_306' title='bbox 789 3690 817 3741; x_wconf 83' lang='grc' dir='ltr'><strong>ιἰΙ</strong></span> <span class='ocrx_word' id='word_1_307' title='bbox 824 3727 831 3749; x_wconf 91' lang='grc'><strong>,</strong></span> <span class='ocrx_word' id='word_1_308' title='bbox 848 3703 879 3763; x_wconf 73' lang='grc' dir='ltr'><strong>ιιῑι</strong></span> <span class='ocrx_word' id='word_1_309' title='bbox 887 3689 945 3744; x_wconf 81' lang='lat' dir='ltr'><strong>cie.</strong></span> <span class='ocrx_word' id='word_1_310' title='bbox 955 3692 1033 3745; x_wconf 83' lang='lat' dir='ltr'><strong>Verr.</strong></span> <span class='ocrx_word' id='word_1_311' title='bbox 1044 3704 1077 3760; x_wconf 73' lang='lat'><strong>4,</strong></span> <span class='ocrx_word' id='word_1_312' title='bbox 1094 3690 1132 3758; x_wconf 81' lang='lat'><strong>63</strong></span> <span class='ocrx_word' id='word_1_313' title='bbox 1142 3690 1214 3747; x_wconf 81' lang='lat' dir='ltr'><strong>extr.</strong></span> 
     </span>
     <span class='ocr_line' id='line_1_36' title="bbox 211 3762 1214 3846; baseline 0.018 -33"><span class='ocrx_word' id='word_1_314' title='bbox 211 3762 345 3835; x_wconf 66' lang='lat' dir='ltr'><strong>„adeptus</strong></span> <span class='ocrx_word' id='word_1_315' title='bbox 361 3766 393 3826; x_wconf 77' lang='lat' dir='ltr'><strong>ie,</strong></span> <span class='ocrx_word' id='word_1_316' title='bbox 408 3769 473 3839; x_wconf 87' lang='lat' dir='ltr'><strong>qui,</strong></span> <span class='ocrx_word' id='word_1_317' title='bbox 488 3788 542 3841; x_wconf 81' lang='lat' dir='ltr'><strong>qua</strong></span> <span class='ocrx_word' id='word_1_318' title='bbox 556 3788 586 3822; x_wconf 87' lang='lat' dir='ltr'><strong>re</strong></span> <span class='ocrx_word' id='word_1_319' title='bbox 599 3769 690 3823; x_wconf 87' lang='lat' dir='ltr'><strong>homi·</strong></span> <span class='ocrx_word' id='word_1_320' title='bbox 730 3790 782 3846; x_wconf 85' lang='lat' dir='ltr'><strong>pro</strong></span> <span class='ocrx_word' id='word_1_321' title='bbox 794 3773 907 3828; x_wconf 77' lang='lat' dir='ltr'><strong>Caecina</strong></span> <span class='ocrx_word' id='word_1_322' title='bbox 926 3792 947 3825; x_wconf 89' lang='lat' dir='ltr'><strong>c.</strong></span> <span class='ocrx_word' id='word_1_323' title='bbox 966 3788 1014 3839; x_wconf 80' lang='lat'><strong>30.</strong></span> <span class='ocrx_word' id='word_1_324' title='bbox 1037 3773 1142 3830; x_wconf 81' lang='lat' dir='ltr'><strong>Sallust.</strong></span> <span class='ocrx_word' id='word_1_325' title='bbox 1152 3778 1214 3833; x_wconf 79' lang='lat' dir='ltr'><strong>Cet.</strong></span> 
     </span>
     <span class='ocr_line' id='line_1_37' title="bbox 207 3848 1211 3938; baseline 0.018 -41"><span class='ocrx_word' id='word_1_326' title='bbox 207 3848 382 3905; x_wconf 73' lang='lat' dir='ltr'><strong>„neebestiie</strong></span> <span class='ocrx_word' id='word_1_327' title='bbox 397 3853 544 3924; x_wconf 76' lang='lat' dir='ltr'><strong>praestent,</strong></span> <span class='ocrx_word' id='word_1_328' title='bbox 568 3874 597 3906; x_wconf 74' lang='lat' dir='ltr'><strong>et</strong></span> <span class='ocrx_word' id='word_1_329' title='bbox 613 3855 642 3906; x_wconf 84' lang='lat' dir='ltr'><strong>iu</strong></span> <span class='ocrx_word' id='word_1_330' title='bbox 660 3873 689 3907; x_wconf 81' lang='lat' dir='ltr'><strong>re</strong></span> <span class='ocrx_word' id='word_1_331' title='bbox 730 3876 753 3909; x_wconf 89' lang='lat' dir='ltr'><strong>c.</strong></span> <span class='ocrx_word' id='word_1_332' title='bbox 765 3871 803 3924; x_wconf 76' lang='lat'><strong>35</strong></span> <span class='ocrx_word' id='word_1_333' title='bbox 819 3856 861 3910; x_wconf 73' lang='lat' dir='ltr'><strong>bie</strong></span> <span class='ocrx_word' id='word_1_334' title='bbox 877 3857 939 3909; x_wconf 87' lang='lat' dir='ltr'><strong>init.</strong></span> <span class='ocrx_word' id='word_1_335' title='bbox 955 3874 983 3911; x_wconf 87' lang='lat' dir='ltr'><strong>et</strong></span> <span class='ocrx_word' id='word_1_336' title='bbox 996 3873 1068 3910; x_wconf 84' lang='lat' dir='ltr'><strong>extr.</strong></span> <span class='ocrx_word' id='word_1_337' title='bbox 1092 3860 1131 3913; x_wconf 88' lang='lat' dir='ltr'><strong>id.</strong></span> <span class='ocrx_word' id='word_1_338' title='bbox 1143 3864 1211 3938; x_wconf 85' lang='lat' dir='ltr'><strong>Jug.</strong></span> 
     </span>
     <span class='ocr_line' id='line_1_38' title="bbox 193 3926 1211 4018; baseline 0.019 -38"><span class='ocrx_word' id='word_1_339' title='bbox 193 3926 389 3992; x_wconf 73' lang='lat' dir='ltr'><strong>¹„hominibus</strong></span> <span class='ocrx_word' id='word_1_340' title='bbox 426 3937 489 4009; x_wconf 78' lang='lat' dir='ltr'><strong>ipsu</strong></span> <span class='ocrx_word' id='word_1_341' title='bbox 518 3938 688 3991; x_wconf 68' lang='lat' dir='ltr'><strong>antecellit«</strong></span> <span class='ocrx_word' id='word_1_342' title='bbox 730 3957 840 4007; x_wconf 78' lang='lat' dir='ltr'><strong>c.107.</strong></span> <span class='ocrx_word' id='word_1_343' title='bbox 870 3942 928 3995; x_wconf 84' lang='lat' dir='ltr'><strong>vid.</strong></span> <span class='ocrx_word' id='word_1_344' title='bbox 945 3942 1062 3996; x_wconf 81' lang='lat' dir='ltr'><strong>Turseli.</strong></span> <span class='ocrx_word' id='word_1_345' title='bbox 1078 3943 1111 3997; x_wconf 86' lang='lat' dir='ltr'><strong>‹le</strong></span> <span class='ocrx_word' id='word_1_346' title='bbox 1125 3940 1211 4018; x_wconf 56' lang='lat' dir='ltr'><strong>pertt‘.</strong></span> 
     </span>
     <span class='ocr_line' id='line_1_39' title="bbox 207 4013 1212 4103; baseline 0.014 -34"><span class='ocrx_word' id='word_1_347' title='bbox 207 4013 266 4069; x_wconf 81' lang='lat' dir='ltr'><strong>cic.</strong></span> <span class='ocrx_word' id='word_1_348' title='bbox 289 4014 324 4069; x_wconf 83' lang='lat' dir='ltr'><strong>de</strong></span> <span class='ocrx_word' id='word_1_349' title='bbox 344 4019 405 4070; x_wconf 82' lang='lat' dir='ltr'><strong>inv.</strong></span> <span class='ocrx_word' id='word_1_350' title='bbox 423 4025 515 4088; x_wconf 87' lang='lat' dir='ltr'><strong>(uon,</strong></span> <span class='ocrx_word' id='word_1_351' title='bbox 539 4037 570 4076; x_wconf 88' lang='lat' dir='ltr'><strong>ut</strong></span> <span class='ocrx_word' id='word_1_352' title='bbox 587 4026 686 4078; x_wconf 77' lang='lat' dir='ltr'><strong>Parcus</strong></span> <span class='ocrx_word' id='word_1_353' title='bbox 727 4045 755 4098; x_wconf 88' lang='lat' dir='ltr'><strong>p.</strong></span> <span class='ocrx_word' id='word_1_354' title='bbox 776 4040 825 4097; x_wconf 76' lang='lat'><strong>42.</strong></span> <span class='ocrx_word' id='word_1_355' title='bbox 850 4029 895 4085; x_wconf 81' lang='lat'><strong>11.</strong></span> <span class='ocrx_word' id='word_1_356' title='bbox 914 4025 964 4080; x_wconf 85' lang='lat' dir='ltr'><strong>ubi</strong></span> <span class='ocrx_word' id='word_1_357' title='bbox 987 4042 1079 4080; x_wconf 80' lang='lat' dir='ltr'><strong>tamen</strong></span> <span class='ocrx_word' id='word_1_358' title='bbox 1102 4027 1212 4103; x_wconf 84' lang='lat' dir='ltr'><strong>aliquot</strong></span> 
     </span>
     <span class='ocr_line' id='line_1_40' title="bbox 204 4098 1209 4189; baseline 0.017 -37"><span class='ocrx_word' id='word_1_359' title='bbox 204 4098 323 4159; x_wconf 72' lang='lat' dir='ltr'><strong>ludim,</strong></span> <span class='ocrx_word' id='word_1_360' title='bbox 353 4101 386 4155; x_wconf 73' lang='lat' dir='ltr'><strong>da</strong></span> <span class='ocrx_word' id='word_1_361' title='bbox 402 4102 500 4177; x_wconf 76' lang='lat' dir='ltr'><strong>Qffic.)</strong></span> <span class='ocrx_word' id='word_1_362' title='bbox 521 4126 545 4167; x_wconf 85' lang='grc' dir='ltr'><strong>ι.</strong></span> <span class='ocrx_word' id='word_1_363' title='bbox 561 4118 589 4178; x_wconf 72' lang='lat' dir='ltr'><strong>q.</strong></span> <span class='ocrx_word' id='word_1_364' title='bbox 612 4108 684 4162; x_wconf 85' lang='lat' dir='ltr'><strong>uude</strong></span> <span class='ocrx_word' id='word_1_365' title='bbox 727 4110 852 4184; x_wconf 79' lang='lat' dir='ltr'><strong>exempla</strong></span> <span class='ocrx_word' id='word_1_366' title='bbox 873 4109 961 4189; x_wconf 70' lang='lat' dir='ltr'><strong>nlieuq</strong></span> <span class='ocrx_word' id='word_1_367' title='bbox 982 4125 1010 4164; x_wconf 89' lang='lat' dir='ltr'><strong>et</strong></span> <span class='ocrx_word' id='word_1_368' title='bbox 1033 4130 1087 4186; x_wconf 71' lang='lat' dir='ltr'><strong>pro</strong></span> <span class='ocrx_word' id='word_1_369' title='bbox 1101 4112 1209 4169; x_wconf 75' lang='lat' dir='ltr'><strong>Sallust.</strong></span> 
     </span>
     <span class='ocr_line' id='line_1_41' title="bbox 203 4183 1030 4274; baseline 0.023 -43"><span class='ocrx_word' id='word_1_370' title='bbox 203 4183 323 4238; x_wconf 71' lang='lat' dir='ltr'><strong>cuntulit</strong></span> <span class='ocrx_word' id='word_1_371' title='bbox 341 4185 369 4237; x_wconf 87' lang='lat' dir='ltr'><strong>iu</strong></span> <span class='ocrx_word' id='word_1_372' title='bbox 384 4183 432 4239; x_wconf 88' lang='lat' dir='ltr'><strong>lib.</strong></span> <span class='ocrx_word' id='word_1_373' title='bbox 452 4188 485 4242; x_wconf 88' lang='lat' dir='ltr'><strong>de</strong></span> <span class='ocrx_word' id='word_1_374' title='bbox 502 4192 551 4244; x_wconf 85' lang='lat' dir='ltr'><strong>Ot.</strong></span> <span class='ocrx_word' id='word_1_375' title='bbox 572 4211 597 4249; x_wconf 93' lang='lat'><strong>1,</strong></span> <span class='ocrx_word' id='word_1_376' title='bbox 613 4202 641 4262; x_wconf 76' lang='lat'><strong>8.</strong></span> <span class='ocrx_word' id='word_1_377' title='bbox 724 4196 790 4272; x_wconf 77' lang='lat' dir='ltr'><strong>Jug.</strong></span> <span class='ocrx_word' id='word_1_378' title='bbox 810 4214 867 4250; x_wconf 83' lang='lat'><strong>110</strong></span> <span class='ocrx_word' id='word_1_379' title='bbox 885 4194 945 4274; x_wconf 73' lang='lat' dir='ltr'><strong>lege</strong></span> <span class='ocrx_word' id='word_1_380' title='bbox 963 4194 1030 4251; x_wconf 80' lang='lat'><strong>106.</strong></span> 
     </span>
    </p>
   </div>
   <div class='ocr_carea' id='block_1_5' title="bbox 0 0 1302 4710">
    <p class='ocr_par' dir='ltr' id='par_1_22' title="bbox 0 0 1302 4710">
     <span class='ocr_line' id='line_1_42' title="bbox 0 0 1302 4710; baseline 0 3"><span class='ocrx_word' id='word_1_381' title='bbox 0 0 1302 4710; x_wconf 95' lang='lat' dir='ltr'><strong> </strong></span> 
     </span>
    </p>
   </div>
  </div>
 </body>
</html>
