2596 4710
306 347 428 419 urst.
453 350 660 423 onnon
687 354 778 422 mo.
806 355 860 440 11,
888 373 944 424 ιο.
1051 318 1131 441 313'

127 532 366 613 declamator
381 537 608 637 aliquando,
640 538 861 628 dumsciat,
890 556 937 616 ut
952 537 1129 639 quadru-

128 650 267 754 pedes,
292 678 390 726 cum
404 652 527 726 viridi
539 655 686 753 pabulo
704 653 891 729 distentae
907 653 1016 742 sunt,
1041 650 1127 727 san-

129 768 263 867 guinis
291 765 531 842 detractione
563 785 770 859 curantur,
802 784 841 844 et
866 768 915 844 stc
944 769 993 843 ad
1018 769 1127 845 cibos

129 881 282 956 viribus
302 880 578 959 conservandis
592 883 759 961 idoneos
776 884 961 974 redeunt,
987 884 1043 959 ita
1055 880 1129 957 fibi

129 1022 295 1097 quoque
312 997 528 1073 tenuandas
545 996 696 1098 adipes,
718 1017 755 1075 et
769 1000 971 1099 quidquid
982 998 1126 1074 ltumo·

128 1114 184 1188 ris
210 1115 387 1212 corrupti
411 1117 664 1203 contraxerit,
690 1115 972 1203 emittendum,
1001 1112 1030 1188 li
1056 1108 1129 1187 esse

129 1225 243 1302 sanus
261 1253 304 1300 ac
328 1226 512 1304 robustus
536 1231 655 1305 volet
713 1231 877 1329 Alioqui
899 1247 1036 1306 tumor
1059 1227 1156 1302 illet

130 1343 260 1417 inanis
275 1345 407 1441 primo
426 1350 618 1444 cujusque
635 1346 723 1419 veri
744 1348 874 1448 operis
895 1361 1041 1420 conatu
1062 1340 1130 1416 de·
1188 1386 1191 1395 ·

130 1451 409 1558 prehendetur.
458 1465 608 1535 Totum
622 1474 755 1535 autent
769 1460 1014 1535 declamandi
1028 1481 1130 1557 opus

134 1574 204 1673 qui
221 1571 424 1647 diversum
441 1577 608 1651 omnino
632 1573 654 1648 a
677 1572 900 1651 forensibus
923 1571 1042 1649 caulis
1066 1597 1131 1645 ex·

132 1684 324 1777 istimunt,
362 1689 394 1762 ii
430 1687 611 1789 profecto
644 1694 919 1768 iterationem
949 1688 1133 1789 quidem,

132 1828 212 1903 qua
237 1801 309 1875 itta
345 1806 569 1881 exercitatio
602 1807 766 1880 inventa
805 1803 866 1894 stt,
909 1803 1132 1906 pervident.

132 1919 260 2006 Nam,
296 1915 324 1992 fi
360 1916 452 1994 soro
490 1946 575 1995 non
610 1930 829 2020 praeparat,
865 1936 931 1996 out
960 1917 1160 1999 scenicaea

135 2029 405 2124 ostentationi,
423 2050 491 2109 aut
508 2033 680 2110 furiosae
693 2034 991 2123 vociferationi,
1016 2030 1136 2106 sunil-

135 2147 280 2223 limum
297 2146 362 2223 est.
421 2148 530 2255 Quid
553 2151 660 2225 enim
676 2151 815 2226 attinet
831 2149 1006 2245 judicem
1024 2171 1137 2248 prae·

135 2414 274 2452 moratam
293 2396 407 2470 quidem
429 2396 480 2451 niti
501 2397 621 2472 placeret
638 2415 665 2454 et
689 2401 800 2475 sponte,
823 2398 877 2454 tale
896 2397 963 2473 quid
987 2397 1055 2452 ltuic
1074 2394 1138 2450 loco

136 2481 303 2543 eonvenite,
323 2480 463 2536 sensissem.
504 2483 655 2554 Quomodo
678 2485 752 2538 enim
774 2485 840 2539 ltaec
859 2483 1027 2559 procedunt:
1057 2482 1138 2542 „Sint

136 2565 270 2644 „grandia
280 2597 321 2608 -—
336 2582 366 2620 ut
376 2596 415 2608 -
433 2565 547 2639 impleat
564 2570 588 2621 se
601 2567 808 2623 declamator?“
837 2571 929 2622 Immo
945 2567 1026 2628 „Sint
1042 2585 1085 2643 gr.
1095 2594 1138 2608 -

137 2667 183 2712 „at
205 2649 272 2719 (vet
291 2673 337 2709 ac,
364 2650 498 2723 qnoniam
520 2652 688 2722 interjicitur
712 2652 878 2727 parenthesis
900 2672 914 2706 tt
936 2654 1052 2705 consona
1071 2647 1140 2702 inci·

138 2733 257 2807 ,‚picns)
277 2732 391 2807 impleut
414 2737 439 2789 se
463 2734 550 2788 dccl‘·
593 2738 704 2791 serrem
723 2754 768 2798 ut,
789 2736 881 2813 sipost
895 2738 1004 2808 impleat
1019 2736 1140 2807 sequere-

139 2835 187 2872 tur
210 2837 262 2870 uon
283 2836 389 2878 autem,
412 2822 477 2871 sicut
499 2816 583 2872 modo
600 2836 783 2894 opponuntur
795 2820 943 2899 ‚‚grattdia‚
966 2839 1019 2874 nou
1032 2816 1141 2872 stulta.“

140 2905 165 2958 A
189 2904 350 2956 Burmanno
369 2901 482 2974 quidem
504 2901 568 2955 inde
591 2923 687 2957 ornnes
708 2907 828 2958 retinent
851 2920 897 2963 ut,
918 2904 992 2976 quod
1019 2917 1047 2955 et
1069 2899 1141 2957 Obr.

140 3001 294 3059 receperat3
325 2987 452 3058 equidem
474 2982 605 3041 retlncere
627 2988 735 3061 cupiam
756 2988 915 3066 vulgatam.
935 2987 978 3042 sed
999 2999 1142 3039 auctorem
1205 3036 1210 3047 ,

139 3069 277 3129 desidero,
296 3089 401 3144 neque.
424 3070 538 3124 undele
555 3071 750 3132 insinuaverit,
772 3069 852 3127 novi.

182 3154 339 3209 tenuandas.
363 3156 457 3209 Toric.
469 3154 562 3209 Guels.
578 3154 607 3208 et'
620 3152 706 3208 Goth.
723 3158 736 3222 <
744 3171 793 3225 tac,
803 3156 898 3222 Gesta.)
913 3152 1059 3207 territandos
1067 3166 1094 3204 et
1108 3153 1144 3205 sto

142 3238 200 3292 sera
214 3238 277 3292 edd.
296 3252 366 3292 vett.
410 3239 563 3311 Utriusque
584 3239 693 3317 generis
717 3239 790 3314 apud
812 3239 957 3314 scriptores
971 3236 1022 3291 csse
1036 3236 1145 3308 adipem

143 3321 293 3397 Priscianus
315 3321 371 3395 ipse
391 3321 478 3376 docet.
506 3338 533 3397 p.
551 3323 620 3390 657.
637 3336 707 3389 752.
871 3325 1005 3396 cujusque.
1049 3320 1144 3374 Turio.

144 3420 173 3461 et
196 3405 289 3461 Gnals.
312 3408 504 3480 cujuscumque,
532 3426 595 3461 curn
618 3405 725 3481 aliquot
746 3406 836 3465 Codcl.
861 3422 889 3462 et
909 3406 970 3459 edd.
996 3418 1065 3459 vett.
1088 3404 1147 3457 sere

147 3488 288 3547 omnibus.
317 3491 352 3544 cs.
372 3504 405 3552 α,
428 3492 463 3552 6,
487 3491 536 3546 26.

146 3689 199 3744 liae
213 3687 422 3763 reprehensione
431 3706 627 3766 argumentum
670 3705 728 3745 tem
743 3689 883 3751 tulerunt,
904 3688 1058 3744 invenitur.
1086 3685 1149 3743 vid.

147 3771 310 3849 palluisse,
331 3793 388 3845 quo
402 3774 494 3827 minua
509 3795 523 3828 a
538 3775 629 3829 nostro
671 3792 731 3829 not.
748 3777 819 3831 Crit.

149 3858 356 3913 declarationes
394 3857 456 3912 illae
487 3862 630 3933 Quintilla·
1040 3921 1046 3935 ,

149 3962 216 3997 neae
244 3941 383 4015 predoctae
416 3943 535 4004 suerint,
574 3964 631 3996 non
716 3941 936 4016 drpreltendetur.
956 3941 1023 3996 Nou
1040 3939 1154 3994 iuvenitss

149 4024 283 4091 videtum
305 4027 353 4077 uili
372 4027 446 4097 quod
470 4028 578 4081 nullum
597 4029 633 4082 se·
675 4045 718 4083 tur
732 4042 759 4080 et
773 4022 941 4101 agnoscetur,
958 4024 1002 4079 sed
1017 4025 1047 4078 in
1061 4038 1154 4075 artum

149 4128 181 4165 rc
195 4109 313 4165 tutioris
328 4112 457 4165 oratoriae
473 4112 633 4186 exemplum
676 4112 817 4165 deseretur
831 4124 858 4165 et
870 4108 1017 4168 aestuabit.
1038 4108 1064 4163 se
1077 4122 1159 4181 expe·

150 4196 226 4253 iuter
248 4210 309 4255 ω.
338 4210 409 4269 quae
431 4195 546 4272 quidem
566 4210 638 4251 aett-
676 4194 737 4251 diro
754 4195 883 4250 nescient.
905 4190 1138 4257 cs.ad1.1‚3o·
