2596 4710
283 308 405 381 msa.
431 250 641 379 aaaron
669 309 759 377 raa.
786 309 823 394 r,
848 323 883 393 5.
1015 329 1085 408 113

77 496 284 575 feliciores
307 494 503 597 fingendis
520 496 754 572 nominibus
769 497 907 573 Graeci
919 516 1082 576 vocant:
1140 548 1156 577 -,

78 612 182 690 licut
206 624 460 712 κοιλωτομίαν,
492 636 585 685 curn
615 636 696 686 vox
728 609 834 710 quali
865 615 908 686 in
938 612 1084 692 receliii

79 732 165 805 oric
176 726 356 827 auditur.
414 728 516 799 Sunt
537 727 655 800 etiam
678 728 832 826 proprii
855 727 1130 833 quidamxetas

78 842 365 921 inenarrabiles
394 837 500 927 soni,
530 839 678 940 quibus
703 867 996 941 nonnunquam
1016 869 1085 919 na·

77 962 212 1035 tiones
225 953 564 1056 reprehendimus.
624 958 804 1033 Remotis
819 958 942 1056 igitur
955 959 1084 1035 omni.

78 1074 177 1162 bus,
223 1096 325 1171 quae
356 1069 692 1169 supradiximus,
728 1073 857 1159 vitiis,
901 1075 976 1146 erit
1003 1075 1083 1161 illa,-

77 1214 185 1290 quae
200 1201 378 1293 vocatur,
401 1184 600 1289 ὀρθοὲπεωι,
625 1184 669 1258 id
684 1182 757 1275 eil,
770 1185 975 1261 emendata
991 1214 1084 1262 cunt

75 1303 273 1380 suavitate
304 1324 454 1375 vocum
480 1301 722 1399 explanatio:
758 1300 930 1377 namsia
959 1305 1110 1402 accipi·
1178 1349 1187 1365 0

76 1416 209 1522 potest
230 1433 346 1492 recta.
406 1417 544 1491 Cetera
567 1416 663 1490 vitia
682 1420 816 1491 onmia
834 1442 882 1490 ex
897 1418 1133 1518 pluribusa4

74 1646 273 1723 Aristophania
292 1634 389 1709 λᾶβδα
408 1644 502 1715 Toup.
517 1644 552 1697 ad
572 1643 650 1699 Sata.
665 1660 693 1718 p.
710 1642 753 1699 ed.
768 1640 843 1720 Lipi.
860 1654 931 1719 4⁹¹·
945 1646 996 1720 qui
1010 1662 1085 1703 recta

77 1748 193 1811 negata
208 1728 289 1785 litera
301 1725 495 1811 ¹repetendum.
612 1728 730 1782 aarlirar.
760 1729 853 1785 Guelf.
867 1728 1004 1792 dividitur.
1019 1751 1085 1787 cnm

77 1814 267 1891 qnibnadam.
289 1829 367 1867 mero
383 1828 475 1867 errore
490 1811 685 1887 corrumpendi
698 1835 715 1866 a
729 1811 759 1865 in
773 1813 801 1867 d.
924 1817 1086 1872 inenarrabi-

79 1902 130 1959 les.
152 1898 247 1959 Guelf.
263 1896 429 1954 inerrabiles.
450 1895 526 1968 quod
542 1895 632 1969 ipsum
647 1899 667 1950 b
680 1894 808 1971 plaribna
824 1894 912 1952 codd.
927 1898 1086 1955 defendera-

79 2000 148 2046 m,
169 2000 344 2056 nequaquam
368 1982 536 2054 ipemeram.
557 1997 621 2035 cum
642 1979 777 2055 Apulejua
794 1983 836 2035 Da
850 1983 977 2055 dogmata
991 1985 1085 2040 Plato·

79 2072 139 2129 πίε,
158 2068 282 2141 itemque
296 2066 330 2118 ala
344 2064 443 2119 inundo
458 2061 512 2117 ltoc
524 2062 664 2119 vocabalo
677 2064 707 2119 in
720 2064 834 2119 orbibut
849 2066 1008 2122 coelestibttt
1020 2070 1084 2123 uitta

78 2153 263 2209 inveniann·
296 2151 319 2204 1³
320 2163 401 2202 orent
414 2160 506 2202 antem
523 2148 581 2202 loni
594 2148 755 2209 inerrabiles.
770 2150 854 2210 certi,
876 2151 926 2223 qni
940 2165 1084 2225 nunqnam

78 2238 203 2293 variarat.
243 2233 349 2289 Contra
368 2251 384 2287 a
403 2231 563 2292 Lactantio.
584 2233 628 2287 ied
650 2233 712 2287 loco
733 2250 791 2288 nou
803 2234 958 2313 designato,
979 2253 1086 2291 memo·

77 2338 182 2383 tantm
197 2339 213 2373 a
226 2316 444 2394 lexicographi·
456 2314 581 2371 errabiles
587 2314 659 2391 Joai.
701 2318 803 2378 Nunc,
823 2338 887 2372 cam
910 2319 1011 2374 bonam
1028 2322 1085 2376 ien-

80 2408 201 2462 tentiam
222 2401 351 2479 praebeat
378 2418 435 2453 non
456 2416 608 2474 paucorum
631 2396 721 2455 codd.
743 2400 876 2476 [criptura
896 2405 1085 2460 inenarrabiles

79 2491 140 2563 (ci.
162 2508 209 2550 aa,
233 2500 268 2555 3.
291 2496 348 2551 2⁴77
369 2487 458 2545 ..ratio
472 2487 761 2559 -iaaaambilir“)‚
782 2504 812 2540 ea
826 2488 971 2559 acquievi,
992 2505 1084 2544 exem-

78 2574 165 2652 plum
185 2576 291 2628 iecutrn
312 2569 395 2623 etiam
415 2566 523 2640 aliquot
542 2567 605 2623 add.
647 2568 730 2642 Quod
753 2570 819 2624 dant
840 2573 938 2624 Burin.
955 2586 983 2625 et
1002 2575 1083 2627 Gela.

78 2678 141 2714 noa
164 2660 218 2712 line
240 2655 335 2713 lociir,
354 2650 534 2713 inevitabiles,
556 2667 645 2726 neque
661 2652 691 2706 in
707 2650 767 2707 ullo
783 2653 885 2711 Codice
902 2654 1086 2718 inventione·

78 2762 139 2819 que
152 2761 202 2817 per
216 2742 239 2794 le
253 2736 404 2793 blanditur.
449 2738 563 2791 Mecum
576 2736 643 2790 facit
657 2736 775 2793 Lochm.
797 2737 816 2792 l.
830 2757 853 2792 c.
868 2756 895 2812 p.
913 2749 962 2793 aa.

124 2846 194 2903 quaa
212 2823 307 2899 supra.
336 2820 428 2877 Gneli.
448 2821 483 2873 tie
506 2821 600 2896 quibus
614 2819 702 2896 fapra
722 2835 750 2877 et
765 2824 799 2877 su
812 2820 939 2897 plerique
954 2820 1043 2880 ccdd
1057 2838 1087 2879 et

79 2910 146 2969 dd.
190 2907 332 2966 Videntur
344 2920 438 2960 tamen
457 2901 517 2959 Bal.
532 2918 561 2959 et
577 2906 670 2960 toran.
685 2906 750 2961 dara
764 2921 918 2984 receptam,
939 2926 1009 2983 quae
1024 2910 1086 2965 iana

75 2994 119 3053 d
131 2992 295 3074 elegantior.

122 3182 245 3237 rratiarrr
253 3175 475 3250 reprebendimus.
498 3176 565 3236 „So-
604 3190 653 3230 aer
675 3171 759 3229 certia
780 3172 947 3248 quibutdam
970 3189 998 3233 et
1020 3197 1084 3252 pro·

10 3298 12 3303 ·
74 3264 192 3331 „lemur
213 3259 381 3337 qaibnadam
403 3259 563 3313 arationibus
605 3261 673 3333 priic
691 3262 771 3313 ionia.
813 3261 859 3317 sie
873 3259 1086 3339 Angloadepre.

75 3346 271 3425 „exprobrare
286 3361 375 3399 certos
390 3345 477 3403 [onoc.
503 3342 564 3416 qni·
605 3343 743 3398 irradiatur
758 3340 838 3400 fibilo
853 3341 883 3397 in
899 3347 944 3404 tb,
967 3346 1085 3400 Franco·

75 3434 154 3499 ..baa
191 3430 452 3507 pronirncinionem
490 3429 563 3482 lium
604 3424 692 3504 gallos
714 3422 841 3482 rlroncho
863 3428 894 3481 in
914 3448 947 3490 a,
970 3430 1082 3485 Germa.

76 3518 260 3583 „deforment
275 3512 475 3588 potiilimum.“
514 3517 562 3568 Aa
604 3530 655 3566 noa
671 3510 839 3567 anliclituln
855 3513 894 3565 cb.

77 3620 176 3659 tannen
206 3598 368 3653 difficultate
396 3614 454 3649 non
490 3608 564 3650 caret
646 3618 707 3651 nam
715 3596 757 3673 fic
773 3626 814 3639 -
827 3610 907 3651 recta·
936 3597 964 3652 h.
979 3617 1003 3653 e.
1018 3618 1082 3653 nani

75 3688 216 3745 structrira
239 3682 276 3737 ob
297 3681 451 3736 ablativum
479 3680 562 3733 istum
604 3680 728 3756 paritas.
758 3680 875 3736 [inanitae
898 3695 926 3735 at
946 3684 1083 3737 accuratio

76 3771 186 3849 quibas.
207 3784 331 3842 proquo
349 3765 425 3819 nulia
440 3764 561 3838 obpaca-
605 3767 795 3842 (explanatio)
816 3768 845 3819 in
867 3768 1083 3841 prommciandia

75 3859 259 3913 Beaieaiitem
273 3849 563 3925 procederemomnia,
604 3849 721 3905 vocibna
749 3852 861 3926 poliunt
887 3851 1085 3927 comprehendi

79 3936 272 4015 salegeretnr‚
293 3954 363 4007 quac
379 3933 416 3987 eli
428 3936 564 3987 Burman·
604 3932 650 3986 illa
679 3951 765 3988 rectae
792 3938 1018 4008 pronunciationis
1038 3956 1084 4010 ap·
1190 3978 1196 3989 ,

76 4022 113 4077 ni
133 4022 305 4096 wnjectrna.
336 4018 562 4091 deprehendimur,
604 4017 770 4093 pollutione,
791 4037 862 4091 quaa
887 4019 954 4075 inest
976 4022 1083 4077 Graeco

77 4122 135 4183 pro
161 4126 231 4178 repr.
274 4106 307 4159 Sc
330 4101 455 4177 produnt
476 4103 564 4156 natio·
604 4101 757 4166 vocabulo.
777 4095 925 4185 istriaara,

11 4296 16 4303 ⁵
128 4226 208 4283 Tam.
226 4226 246 4281 i.
663 4228 694 4281 Η
957 4254 961 4287 ι
