2596 4710
314 300 437 371 INST.
465 300 674 371 ORATOR.
707 303 798 371 LIB.
823 304 880 389 11,
899 321 942 399 7.
1056 318 1130 388 505

127 464 185 579 les
207 442 379 569 soritium
401 488 590 565 orationis
611 491 741 593 illam,
769 513 889 588 quam
908 505 1041 564 mente
1061 511 1131 589 pe-

126 611 238 685 nitus
271 607 510 703 acceperint,
547 607 777 704 expriment.
857 604 1158 689 Abundabunt4

113 714 262 799 'autem
284 718 638 819 copia‘verbomm
661 723 928 819 optimorum,
957 734 996 793 et
1020 744 1131 795 com·

127 834 342 940 positione,
380 860 422 906 ac
452 829 589 931 figuris
619 840 696 927 jam
723 861 806 911 non
835 833 1034 933 quaesitis,
1062 831 1133 908 sed

127 952 286 1056 sponte,
315 967 355 1025 et
380 975 426 1021 ex
452 948 622 1047 reposito
643 951 756 1024 velut
774 948 958 1025 thesauro
979 948 1016 1023 se
1034 944 1132 1025 olle·

127 1067 319 1145 rentibus.
377 1063 538 1138 Accedit
560 1064 622 1138 his
638 1081 675 1138 et
693 1064 866 1158 jucunda
884 1065 927 1138 in
950 1063 1132 1139 sermone

127 1184 232 1259 bene
257 1205 463 1278 equoque
488 1177 686 1254 dictorum
709 1180 867 1270 relatio,
897 1181 995 1254 etin
1012 1175 1132 1255 caulis

130 1299 252 1374 utilis.
311 1298 417 1368 Nam
443 1310 480 1367 et
503 1294 593 1394 plus
618 1296 859 1370 auctoritatis
883 1290 1052 1369 afferunt
1075 1320 1132 1383 ea,

130 1438 234 1513 quae
248 1436 332 1486 non
344 1407 554 1508 praesentis
569 1412 690 1508 gratia
704 1410 784 1485 litis
797 1407 889 1485 lunt
900 1426 1133 1508 comparata,

130 1542 172 1603 et
184 1525 345 1601 leudem
359 1522 470 1623 saepe
485 1529 693 1616 majorem,
721 1550 841 1624 quam
857 1521 1030 1601 finostra
1047 1522 1134 1611 sint,

133 1641 355 1717 concilient.
415 1639 641 1737 Aliquando
660 1656 791 1714 tamen
807 1639 1160 1741 permittendum

134 1781 235 1858 quae
263 1751 337 1854 ipli
359 1748 601 1853 scripserint,
636 1754 784 1845 dicere,
825 1770 872 1831 ut
898 1754 1044 1831 laboris
1073 1753 1136 1829 sui

133 1871 310 1949 fructum
333 1871 451 1943 etiam
474 1895 521 1943 ex
540 1871 628 1959 illa,
656 1896 757 1970 quae
780 1872 950 1945 maxime
966 1871 1135 1970 petitur,

135 1985 273 2075 leude,
292 1984 517 2086 plurimum
532 1986 695 2085 capiant.
752 1988 901 2060 Verum
915 1982 959 2058 id
973 2008 1137 2085 quoque

196 2250 298 2330 sponte
312 2269 340 2308 et
353 2273 399 2308 ex.
425 2249 519 2309 Guell.
536 2250 642 2308 omittit
656 2269 691 2308 et.
720 2250 812 2309 Placet
826 2250 894 2308 liaeo
905 2251 987 2309 ratio.
1071 2250 1137 2309 bene

135 2360 155 2396 a
169 2358 281 2415 qaoque.
321 2341 363 2391 Ita
378 2352 405 2391 et
421 2336 531 2409 Guell..
547 2357 608 2392 cum
625 2337 710 2392 multi
724 2338 812 2395 Codd.
828 2344 874 2410 (ut
889 2335 1051 2403 etTurie),
1073 2335 1135 2391 eilcl.

135 2437 229 2478 autem
243 2436 314 2476 vett.
326 2422 384 2475 lere
396 2438 501 2482 omnes,
523 2422 589 2475 deut
605 2423 699 2478 idonea
714 2443 824 2499 qaoque,
844 2422 907 2484 vel,
928 2421 1011 2496 paulo
1026 2416 1137 2481 melina.

136 2508 293 2580 idoneaque.
336 2507 408 2562 Vera
432 2521 523 2559 tamen
546 2506 678 2580 scriptura
697 2508 755 2581 jam
777 2507 805 2559 iii
822 2508 916 2561 Locat.
932 2505 974 2560 ed.
990 2504 1093 2582 legitur
1108 2519 1138 2558 et

136 2612 153 2647 ι
175 2603 307 2650 recenti..
326 2605 434 2663 praeter
455 2589 542 2651 ohe,
560 2591 597 2644 est
619 2593 731 2646 servata.
773 2591 854 2646 Ruso.
875 2591 946 2645 mire
969 2590 1139 2645 contaminat

138 2689 287 2747 utrumque
309 2675 479 2729 orationem:
502 2675 567 2729 bene
586 2675 696 2749 ydoaca
719 2695 831 2751 qaoque.
860 2674 920 2730 vid.
937 2688 995 2727 not.
1014 2673 1084 2728 Crit.
1103 2670 1138 2725 ul

136 2758 268 2815 Prooem.
284 2768 314 2830 4.
478 2756 585 2814 laudem
598 2787 640 2802 -
656 2756 719 2828 urai.
759 2758 801 2813 lta
815 2757 907 2814 Guels.
926 2772 990 2813 cum
1006 2752 1137 2811 omnibus

135 2855 249 2919 praeter
257 2840 342 2895 Goth.
358 2847 372 2911 (
379 2861 442 2894 nam
459 2841 489 2894 in
503 2844 573 2900 Jeus.
590 2862 702 2917 quoque
717 2843 768 2897 esse
782 2842 848 2897 salso
862 2857 955 2895 uurrat
969 2843 1072 2915 Gelu.),
1088 2838 1139 2914 qui

137 2926 188 2982 ilat
202 2927 320 3000 gretiam
340 2956 380 2969 -
404 2929 466 2994 iani.
488 2926 564 2997 quod
584 2946 668 2998 quure
688 2925 823 3001 placuerit
845 2928 943 2986 Gelu..
965 2942 1021 2978 nou
1043 2925 1137 2978 video.

138 3008 264 3067 Insuuvie
275 3008 347 3063 estet
359 3010 469 3063 iteratio
483 3009 588 3085 „praes-
604 3014 693 3084 gratia
709 3009 785 3064 litis“
800 3040 841 3053 -
854 3015 1037 3083 „gratiam-
1047 3011 1139 3077 maj.,“

138 3112 232 3167 neque
252 3092 333 3147 sicile
351 3093 406 3147 elio
428 3093 528 3147 reserat
547 3100 665 3167 gratiam
687 3096 761 3147 illam
783 3097 832 3149 uili
847 3094 881 3148 acl
896 3095 1038 3148 utilitatem
1055 3110 1140 3168 quam

137 3178 317 3251 consequitur
333 3178 382 3249 qui
405 3178 492 3255 gretia
513 3176 600 3250 pollet
615 3178 688 3252 apud
709 3177 829 3248 judicem
851 3177 885 3230 cle
900 3197 930 3230 ea
947 3192 1039 3231 autem
1056 3175 1142 3230 modo

138 3262 196 3335 jem
211 3276 314 3340 egerat.
336 3263 479 3315 Tamisum
493 3274 589 3315 tuetur
603 3263 717 3319 laudem.
733 3280 822 3334 neque
837 3260 935 3317 eVosl.
947 3276 974 3313 2.
985 3259 1140 3334 quidquam

139 3345 284 3403 varietatis
301 3346 425 3398 allectur.
554 3344 678 3419 fructum
692 3371 736 3388 -·
748 3349 901 3419 plurimam.
945 3346 1016 3400 Cum
1033 3344 1142 3397 nonnisi

139 3448 205 3483 raro
217 3426 276 3483 hoc
291 3428 350 3480 sieri
367 3427 515 3501 relitQu.‚
536 3430 623 3503 potest
640 3429 760 3483 alienum
778 3429 886 3491 videri,
906 3428 983 3501 quod
998 3431 1151 3502 plurimam¹

138 3514 268 3575 fructum
284 3530 319 3564 eit
335 3510 416 3565 laude
432 3512 526 3587 puerir
542 3513 692 3587 promittit.
735 3512 808 3568 Alm.
818 3514 927 3580 (Turio.
945 3512 1066 3585 siletur),
1087 3512 1143 3565 sor·

141 3596 206 3651 telle
216 3614 252 3649 ex
261 3612 340 3648 meto
354 3596 441 3648 omissi
456 3596 540 3669 apicii
549 3596 578 3650 iu
588 3600 598 3652 i
607 3616 708 3658 errore,
724 3599 850 3670 pluriam.
871 3595 961 3656 Seil‚s1
976 3596 1051 3650 tollii
1067 3615 1144 3650 com·

139 3696 188 3735 ma
201 3679 263 3755 poll
276 3679 365 3739 laude,
380 3680 470 3732 existit
484 3698 541 3733 nott
556 3681 702 3754 spernemla
716 3680 855 3737 sententia.
876 3678 936 3734 laus
949 3682 1066 3753 pluriam
1079 3699 1144 3735 coa·

116 3798 122 3811 ·
140 3764 228 3843 tingit
243 3762 408 3817 declamanti
422 3764 483 3828 sua;
504 3766 613 3821 nonnis
629 3769 705 3821 arrius
718 3764 856 3844 magistri.
877 3764 1006 3820 scribenti
1022 3778 1142 3820 tautum.

142 3980 145 3985 '
177 3968 304 4041 juranda
331 3997 374 4011 -
405 3968 487 4023 utilis·
528 3967 625 4024 Simile
702 3968 826 4045 fractum
845 3996 887 4015 ι-
905 3969 1058 4046 psalm,
1084 3938 1145 4031 Μ’,

138 4054 210 4127 quid
233 4052 268 4106 de
291 4061 440 4126 poetarum
461 4050 544 4114 lucii,
567 4071 626 4108 ore·
666 4070 725 4111 noa
742 4055 814 4113 Crit-

139 4136 270 4195 tionibut
287 4136 437 4192 interanea
454 4153 480 4194 r,
497 4144 526 4205 8.
547 4155 593 4194 ιο.
