<?xml version="1.0" encoding="UTF-8"?>
<!DOCTYPE html PUBLIC "-//W3C//DTD XHTML 1.0 Transitional//EN"
    "http://www.w3.org/TR/xhtml1/DTD/xhtml1-transitional.dtd">
<html xmlns="http://www.w3.org/1999/xhtml" xml:lang="en" lang="en">
 <head>
  <title>
</title>
<meta http-equiv="Content-Type" content="text/html;charset=utf-8" />
  <meta name='ocr-system' content='tesseract 3.04.00' />
  <meta name='ocr-capabilities' content='ocr_page ocr_carea ocr_par ocr_line ocrx_word'/>
</head>
<body>
  <div class='ocr_page' id='page_1' title='image "./deinstitutioneo07quingoog_0355.png"; bbox 0 0 2596 4710; ppageno 0'>
   <div class='ocr_carea' id='block_1_1' title="bbox 173 321 934 417">
    <p class='ocr_par' dir='ltr' id='par_1_1' title="bbox 173 321 934 417">
     <span class='ocr_line' id='line_1_1' title="bbox 173 321 934 417; baseline -0.014 -18"><span class='ocrx_word' id='word_1_1' title='bbox 173 346 245 415; x_wconf 72' lang='lat'>253</span> <span class='ocrx_word' id='word_1_2' title='bbox 414 325 471 395; x_wconf 84' lang='grc' dir='ltr'>Μ.</span> <span class='ocrx_word' id='word_1_3' title='bbox 495 326 597 395; x_wconf 73' lang='lat' dir='ltr'>ein.</span> <span class='ocrx_word' id='word_1_4' title='bbox 615 321 934 417; x_wconf 68' lang='lat' dir='ltr'>entnrunnr</span> 
     </span>
    </p>
   </div>
   <div class='ocr_carea' id='block_1_2' title="bbox 84 505 1194 1999">
    <p class='ocr_par' dir='ltr' id='par_1_2' title="bbox 84 505 1194 1999">
     <span class='ocr_line' id='line_1_2' title="bbox 173 505 1184 609; baseline -0.013 -16"><span class='ocrx_word' id='word_1_5' title='bbox 173 538 407 593; x_wconf 88' lang='lat' dir='ltr'>communes</span> <span class='ocrx_word' id='word_1_6' title='bbox 427 513 527 601; x_wconf 92' lang='lat' dir='ltr'>loci,</span> <span class='ocrx_word' id='word_1_7' title='bbox 556 508 634 585; x_wconf 87' lang='lat' dir='ltr'>five</span> <span class='ocrx_word' id='word_1_8' title='bbox 651 512 723 609; x_wconf 92' lang='lat' dir='ltr'>qui</span> <span class='ocrx_word' id='word_1_9' title='bbox 743 509 894 585; x_wconf 76' lang='lat' dir='ltr'>suntin</span> <span class='ocrx_word' id='word_1_10' title='bbox 908 508 1006 581; x_wconf 89' lang='lat' dir='ltr'>vitia</span> <span class='ocrx_word' id='word_1_11' title='bbox 1021 505 1184 595; x_wconf 84' lang='lat' dir='ltr'>directi,</span> 
     </span>
     <span class='ocr_line' id='line_1_3' title="bbox 175 621 1185 733; baseline -0.01 -26"><span class='ocrx_word' id='word_1_12' title='bbox 175 634 308 733; x_wconf 85' lang='lat' dir='ltr'>quales</span> <span class='ocrx_word' id='word_1_13' title='bbox 341 630 513 729; x_wconf 85' lang='lat' dir='ltr'>legimns</span> <span class='ocrx_word' id='word_1_14' title='bbox 542 653 564 699; x_wconf 88' lang='lat' dir='ltr'>a</span> <span class='ocrx_word' id='word_1_15' title='bbox 592 629 785 702; x_wconf 81' lang='lat' dir='ltr'>Cicerone</span> <span class='ocrx_word' id='word_1_16' title='bbox 815 622 1075 725; x_wconf 79' lang='lat' dir='ltr'>compositos:</span> <span class='ocrx_word' id='word_1_17' title='bbox 1112 621 1185 697; x_wconf 83' lang='lat' dir='ltr'>seu</span> 
     </span>
     <span class='ocr_line' id='line_1_4' title="bbox 176 740 1183 849; baseline -0.009 -27"><span class='ocrx_word' id='word_1_18' title='bbox 176 748 324 849; x_wconf 84' lang='lat' dir='ltr'>quibus</span> <span class='ocrx_word' id='word_1_19' title='bbox 368 740 615 845; x_wconf 79' lang='lat' dir='ltr'>quaestiones</span> <span class='ocrx_word' id='word_1_20' title='bbox 664 742 898 839; x_wconf 68' lang='lat' dir='ltr'>generaliter</span> <span class='ocrx_word' id='word_1_21' title='bbox 948 755 1183 825; x_wconf 83' lang='lat' dir='ltr'>tractantur,</span> 
     </span>
     <span class='ocr_line' id='line_1_5' title="bbox 176 852 1183 965; baseline -0.01 -28"><span class='ocrx_word' id='word_1_22' title='bbox 176 863 313 965; x_wconf 85' lang='lat' dir='ltr'>quales</span> <span class='ocrx_word' id='word_1_23' title='bbox 333 858 425 934; x_wconf 81' lang='lat' dir='ltr'>lunt</span> <span class='ocrx_word' id='word_1_24' title='bbox 445 856 542 931; x_wconf 88' lang='lat' dir='ltr'>editi</span> <span class='ocrx_word' id='word_1_25' title='bbox 563 885 584 930; x_wconf 88' lang='lat' dir='ltr'>a</span> <span class='ocrx_word' id='word_1_26' title='bbox 602 858 754 960; x_wconf 80' lang='lat' dir='ltr'>Quinto</span> <span class='ocrx_word' id='word_1_27' title='bbox 769 881 932 954; x_wconf 90' lang='lat' dir='ltr'>quoque</span> <span class='ocrx_word' id='word_1_28' title='bbox 951 852 1183 930; x_wconf 78' lang='lat' dir='ltr'>Hortensio:</span> 
     </span>
     <span class='ocr_line' id='line_1_6' title="bbox 176 971 1186 1075; baseline -0.011 -23"><span class='ocrx_word' id='word_1_29' title='bbox 176 998 243 1066; x_wconf 90' lang='lat' dir='ltr'>ut,</span> <span class='ocrx_word' id='word_1_30' title='bbox 283 978 389 1051; x_wconf 80' lang='lat' dir='ltr'>Sitne</span> <span class='ocrx_word' id='word_1_31' title='bbox 415 976 555 1072; x_wconf 64' lang='lat' dir='ltr'>pateis</span> <span class='ocrx_word' id='word_1_32' title='bbox 588 975 827 1075; x_wconf 71' lang='lat' dir='ltr'>argumentis</span> <span class='ocrx_word' id='word_1_33' title='bbox 859 971 1115 1043; x_wconf 79' lang='lat' dir='ltr'>credendum?</span> <span class='ocrx_word' id='word_1_34' title='bbox 1147 984 1186 1041; x_wconf 87' lang='lat' dir='ltr'>et</span> 
     </span>
     <span class='ocr_line' id='line_1_7' title="bbox 174 1080 1186 1195; baseline -0.01 -27"><span class='ocrx_word' id='word_1_35' title='bbox 174 1118 251 1193; x_wconf 81' lang='lat' dir='ltr'>-pro</span> <span class='ocrx_word' id='word_1_36' title='bbox 282 1085 458 1195; x_wconf 79' lang='lat' dir='ltr'>testibus,</span> <span class='ocrx_word' id='word_1_37' title='bbox 498 1104 536 1161; x_wconf 90' lang='lat' dir='ltr'>et</span> <span class='ocrx_word' id='word_1_38' title='bbox 571 1092 609 1160; x_wconf 80' lang='lat' dir='ltr'>in</span> <span class='ocrx_word' id='word_1_39' title='bbox 638 1080 772 1190; x_wconf 82' lang='lat' dir='ltr'>testes,</span> <span class='ocrx_word' id='word_1_40' title='bbox 808 1088 851 1159; x_wconf 92' lang='lat' dir='ltr'>in</span> <span class='ocrx_word' id='word_1_41' title='bbox 876 1085 1020 1161; x_wconf 79' lang='lat' dir='ltr'>inediis</span> <span class='ocrx_word' id='word_1_42' title='bbox 1048 1086 1186 1159; x_wconf 90' lang='lat' dir='ltr'>litium</span> 
     </span>
     <span class='ocr_line' id='line_1_8' title="bbox 84 1199 1188 1299; baseline -0.011 -14"><span class='ocrx_word' id='word_1_43' title='bbox 84 1206 368 1285; x_wconf 75' lang='lat' dir='ltr'>-·22n1edullis</span> <span class='ocrx_word' id='word_1_44' title='bbox 394 1200 626 1277; x_wconf 64' lang='lat' dir='ltr'>versantur?</span> <span class='ocrx_word' id='word_1_45' title='bbox 686 1206 806 1277; x_wconf 86' lang='lat' dir='ltr'>Arma</span> <span class='ocrx_word' id='word_1_46' title='bbox 839 1199 931 1275; x_wconf 86' lang='lat' dir='ltr'>lunt</span> <span class='ocrx_word' id='word_1_47' title='bbox 959 1200 1056 1275; x_wconf 86' lang='lat' dir='ltr'>haec</span> <span class='ocrx_word' id='word_1_48' title='bbox 1085 1226 1188 1299; x_wconf 90' lang='lat' dir='ltr'>quo·</span> 
     </span>
     <span class='ocr_line' id='line_1_9' title="bbox 169 1314 1190 1419; baseline -0.01 -20"><span class='ocrx_word' id='word_1_49' title='bbox 169 1320 396 1411; x_wconf 56' lang='lat' dir='ltr'>,dammodo</span> <span class='ocrx_word' id='word_1_50' title='bbox 422 1316 688 1419; x_wconf 85' lang='lat' dir='ltr'>praeparanda</span> <span class='ocrx_word' id='word_1_51' title='bbox 713 1314 888 1415; x_wconf 81' lang='lat' dir='ltr'>semper,</span> <span class='ocrx_word' id='word_1_52' title='bbox 924 1332 970 1391; x_wconf 90' lang='lat' dir='ltr'>ut</span> <span class='ocrx_word' id='word_1_53' title='bbox 992 1318 1061 1406; x_wconf 91' lang='lat' dir='ltr'>iis,</span> <span class='ocrx_word' id='word_1_54' title='bbox 1093 1341 1190 1389; x_wconf 89' lang='lat' dir='ltr'>cum</span> 
     </span>
     <span class='ocr_line' id='line_1_10' title="bbox 179 1429 1190 1537; baseline -0.013 -22"><span class='ocrx_word' id='word_1_55' title='bbox 179 1463 242 1515; x_wconf 81' lang='lat' dir='ltr'>res</span> <span class='ocrx_word' id='word_1_56' title='bbox 273 1432 423 1535; x_wconf 82' lang='lat' dir='ltr'>pol&#39;cet,</span> <span class='ocrx_word' id='word_1_57' title='bbox 459 1435 591 1507; x_wconf 86' lang='lat' dir='ltr'>utaris.</span> <span class='ocrx_word' id='word_1_58' title='bbox 665 1436 774 1537; x_wconf 84' lang='lat' dir='ltr'>Quae</span> <span class='ocrx_word' id='word_1_59' title='bbox 803 1434 874 1529; x_wconf 90' lang='lat' dir='ltr'>qui</span> <span class='ocrx_word' id='word_1_60' title='bbox 907 1433 1106 1531; x_wconf 84' lang='lat' dir='ltr'>pertinere</span> <span class='ocrx_word' id='word_1_61' title='bbox 1139 1429 1190 1503; x_wconf 90' lang='lat' dir='ltr'>ad</span> 
     </span>
     <span class='ocr_line' id='line_1_11' title="bbox 184 1545 1191 1647; baseline -0.01 -19"><span class='ocrx_word' id='word_1_62' title='bbox 184 1566 382 1628; x_wconf 84' lang='lat' dir='ltr'>oratorem</span> <span class='ocrx_word' id='word_1_63' title='bbox 403 1574 487 1623; x_wconf 90' lang='lat' dir='ltr'>non</span> <span class='ocrx_word' id='word_1_64' title='bbox 511 1549 684 1647; x_wconf 86' lang='lat' dir='ltr'>putabit,</span> <span class='ocrx_word' id='word_1_65' title='bbox 714 1548 748 1621; x_wconf 91' lang='lat' dir='ltr'>is</span> <span class='ocrx_word' id='word_1_66' title='bbox 769 1571 820 1619; x_wconf 90' lang='lat' dir='ltr'>ne</span> <span class='ocrx_word' id='word_1_67' title='bbox 843 1545 1005 1620; x_wconf 79' lang='lat' dir='ltr'>statuant</span> <span class='ocrx_word' id='word_1_68' title='bbox 1022 1546 1191 1645; x_wconf 87' lang='lat' dir='ltr'>quidem</span> 
     </span>
     <span class='ocr_line' id='line_1_12' title="bbox 88 1660 1190 1752; baseline -0.008 -10"><span class='ocrx_word' id='word_1_69' title='bbox 88 1719 90 1723; x_wconf 93' lang='lat'>-</span> <span class='ocrx_word' id='word_1_70' title='bbox 184 1666 366 1741; x_wconf 88' lang='lat' dir='ltr'>inchoari</span> <span class='ocrx_word' id='word_1_71' title='bbox 382 1662 531 1750; x_wconf 85' lang='lat' dir='ltr'>credet,</span> <span class='ocrx_word' id='word_1_72' title='bbox 560 1687 649 1736; x_wconf 81' lang='lat' dir='ltr'>cunr</span> <span class='ocrx_word' id='word_1_73' title='bbox 666 1667 749 1752; x_wconf 79' lang='lat' dir='ltr'>ejus</span> <span class='ocrx_word' id='word_1_74' title='bbox 763 1662 939 1736; x_wconf 84' lang='lat' dir='ltr'>membra</span> <span class='ocrx_word' id='word_1_75' title='bbox 955 1660 1190 1737; x_wconf 84' lang='lat' dir='ltr'>fundentur.</span> 
     </span>
     <span class='ocr_line' id='line_1_13' title="bbox 184 1770 1194 1879; baseline -0.005 -23"><span class='ocrx_word' id='word_1_76' title='bbox 184 1784 331 1879; x_wconf 85' lang='lat' dir='ltr'>Neque</span> <span class='ocrx_word' id='word_1_77' title='bbox 355 1778 457 1850; x_wconf 88' lang='lat' dir='ltr'>hanc</span> <span class='ocrx_word' id='word_1_78' title='bbox 486 1780 557 1873; x_wconf 81' lang='lat' dir='ltr'>(ut</span> <span class='ocrx_word' id='word_1_79' title='bbox 580 1779 704 1875; x_wconf 80' lang='lat' dir='ltr'>aliqui</span> <span class='ocrx_word' id='word_1_80' title='bbox 728 1778 950 1876; x_wconf 87' lang='lat' dir='ltr'>putabunt)</span> <span class='ocrx_word' id='word_1_81' title='bbox 974 1770 1194 1852; x_wconf 83' lang='lat' dir='ltr'>festinatio·</span> 
     </span>
     <span class='ocr_line' id='line_1_14' title="bbox 186 1890 1194 1999; baseline -0.006 -28"><span class='ocrx_word' id='word_1_82' title='bbox 186 1920 283 1971; x_wconf 88' lang='lat' dir='ltr'>nem</span> <span class='ocrx_word' id='word_1_83' title='bbox 310 1918 440 1969; x_wconf 87' lang='lat' dir='ltr'>meam</span> <span class='ocrx_word' id='word_1_84' title='bbox 466 1890 517 1967; x_wconf 84' lang='lat' dir='ltr'>fic</span> <span class='ocrx_word' id='word_1_85' title='bbox 544 1894 758 1992; x_wconf 83' lang='lat' dir='ltr'>qui-&#39;squam</span> <span class='ocrx_word' id='word_1_86' title='bbox 791 1894 1074 1999; x_wconf 85' lang='lat' dir='ltr'>calumnietur,</span> <span class='ocrx_word' id='word_1_87' title='bbox 1107 1908 1194 1969; x_wconf 87' lang='lat' dir='ltr'>tan·</span> 
     </span>
    </p>
   </div>
   <div class='ocr_carea' id='block_1_3' title="bbox 186 2116 1195 2280">
    <p class='ocr_par' dir='ltr' id='par_1_3' title="bbox 186 2116 1195 2280">
     <span class='ocr_line' id='line_1_15' title="bbox 249 2116 1195 2197; baseline -0.001 -20"><span class='ocrx_word' id='word_1_88' title='bbox 249 2138 281 2177; x_wconf 82' lang='lat' dir='ltr'>ur</span> <span class='ocrx_word' id='word_1_89' title='bbox 304 2126 345 2178; x_wconf 84' lang='lat' dir='ltr'>iis.</span> <span class='ocrx_word' id='word_1_90' title='bbox 389 2124 432 2175; x_wconf 81' lang='lat' dir='ltr'>Ita</span> <span class='ocrx_word' id='word_1_91' title='bbox 454 2120 540 2177; x_wconf 84' lang='lat' dir='ltr'>Goth.</span> <span class='ocrx_word' id='word_1_92' title='bbox 561 2122 634 2193; x_wconf 81' lang='lat' dir='ltr'>(tac.</span> <span class='ocrx_word' id='word_1_93' title='bbox 656 2119 757 2189; x_wconf 81' lang='lat' dir='ltr'>Gesn.)</span> <span class='ocrx_word' id='word_1_94' title='bbox 781 2141 846 2176; x_wconf 84' lang='lat' dir='ltr'>curn</span> <span class='ocrx_word' id='word_1_95' title='bbox 868 2134 936 2177; x_wconf 79' lang='lat' dir='ltr'>vett.</span> <span class='ocrx_word' id='word_1_96' title='bbox 959 2116 1195 2197; x_wconf 77' lang='lat' dir='ltr'>edd.·pleritque.</span> 
     </span>
     <span class='ocr_line' id='line_1_16' title="bbox 186 2206 984 2280; baseline -0.003 -17"><span class='ocrx_word' id='word_1_97' title='bbox 186 2208 228 2263; x_wconf 78' lang='lat' dir='ltr'>ln’s</span> <span class='ocrx_word' id='word_1_98' title='bbox 239 2206 423 2267; x_wconf 76' lang='lat' dir='ltr'>recentiores.</span> <span class='ocrx_word' id='word_1_99' title='bbox 444 2222 478 2261; x_wconf 85' lang='lat' dir='ltr'>ut</span> <span class='ocrx_word' id='word_1_100' title='bbox 490 2208 586 2267; x_wconf 68' lang='lat' dir='ltr'>Gen„</span> <span class='ocrx_word' id='word_1_101' title='bbox 609 2224 666 2260; x_wconf 89' lang='lat' dir='ltr'>non</span> <span class='ocrx_word' id='word_1_102' title='bbox 679 2224 764 2280; x_wconf 79' lang='lat' dir='ltr'>aeque</span> <span class='ocrx_word' id='word_1_103' title='bbox 776 2208 984 2263; x_wconf 79' lang='lat' dir='ltr'>convenienter.</span> 
     </span>
    </p>
   </div>
   <div class='ocr_carea' id='block_1_4' title="bbox 165 2402 1198 2647">
    <p class='ocr_par' dir='ltr' id='par_1_4' title="bbox 165 2402 1198 2647">
     <span class='ocr_line' id='line_1_17' title="bbox 229 2402 1195 2485; baseline 0 -25"><span class='ocrx_word' id='word_1_104' title='bbox 229 2402 548 2482; x_wconf 78' lang='lat' dir='ltr'>quales-compnfitos.</span> <span class='ocrx_word' id='word_1_105' title='bbox 567 2406 670 2461; x_wconf 84' lang='lat' dir='ltr'>Rectis·</span> <span class='ocrx_word' id='word_1_106' title='bbox 756 2406 858 2485; x_wconf 75' lang='lat' dir='ltr'>Quinto</span> <span class='ocrx_word' id='word_1_107' title='bbox 900 2426 1005 2483; x_wconf 68' lang='lat' dir='ltr'>quoquo</span> <span class='ocrx_word' id='word_1_108' title='bbox 1043 2405 1195 2483; x_wconf 71' lang='lat' dir='ltr'>Hortensio.</span> 
     </span>
     <span class='ocr_line' id='line_1_18' title="bbox 165 2489 1195 2567; baseline 0.001 -23"><span class='ocrx_word' id='word_1_109' title='bbox 165 2490 253 2559; x_wconf 77' lang='lat' dir='ltr'>¹fitne</span> <span class='ocrx_word' id='word_1_110' title='bbox 278 2491 357 2543; x_wconf 84' lang='lat' dir='ltr'>Gelu.</span> <span class='ocrx_word' id='word_1_111' title='bbox 385 2489 499 2542; x_wconf 83' lang='lat' dir='ltr'>videtur</span> <span class='ocrx_word' id='word_1_112' title='bbox 521 2491 555 2542; x_wconf 88' lang='lat' dir='ltr'>ad</span> <span class='ocrx_word' id='word_1_113' title='bbox 581 2506 670 2564; x_wconf 52' lang='lat' dir='ltr'>partes</span> <span class='ocrx_word' id='word_1_114' title='bbox 711 2492 848 2565; x_wconf 87' lang='lat' dir='ltr'>Displicet</span> <span class='ocrx_word' id='word_1_115' title='bbox 862 2514 981 2567; x_wconf 79' lang='lat' dir='ltr'>quoque,</span> <span class='ocrx_word' id='word_1_116' title='bbox 1004 2511 1067 2546; x_wconf 83' lang='lat' dir='ltr'>cunt</span> <span class='ocrx_word' id='word_1_117' title='bbox 1083 2493 1118 2544; x_wconf 89' lang='lat' dir='ltr'>de</span> <span class='ocrx_word' id='word_1_118' title='bbox 1134 2490 1195 2545; x_wconf 77' lang='lat' dir='ltr'>aliis</span> 
     </span>
     <span class='ocr_line' id='line_1_19' title="bbox 187 2572 1198 2647; baseline -0.001 -18"><span class='ocrx_word' id='word_1_119' title='bbox 187 2592 288 2629; x_wconf 80' lang='lat' dir='ltr'>vocare</span> <span class='ocrx_word' id='word_1_120' title='bbox 302 2572 394 2626; x_wconf 84' lang='lat' dir='ltr'>locum</span> <span class='ocrx_word' id='word_1_121' title='bbox 412 2574 440 2625; x_wconf 91' lang='lat' dir='ltr'>in</span> <span class='ocrx_word' id='word_1_122' title='bbox 456 2574 509 2625; x_wconf 74' lang='lat' dir='ltr'>sinc</span> <span class='ocrx_word' id='word_1_123' title='bbox 526 2576 672 2627; x_wconf 70' lang='lat' dir='ltr'>Praelatio-</span> <span class='ocrx_word' id='word_1_124' title='bbox 713 2576 878 2647; x_wconf 78' lang='lat' dir='ltr'>lnrjnsmndi</span> <span class='ocrx_word' id='word_1_125' title='bbox 911 2575 1037 2633; x_wconf 84' lang='lat' dir='ltr'>locorum</span> <span class='ocrx_word' id='word_1_126' title='bbox 1076 2575 1198 2630; x_wconf 81' lang='lat' dir='ltr'>anctori-</span> 
     </span>
    </p>
   </div>
   <div class='ocr_carea' id='block_1_5' title="bbox 179 2658 1199 3073">
    <p class='ocr_par' dir='ltr' id='par_1_5' title="bbox 179 2658 1199 3073">
     <span class='ocr_line' id='line_1_20' title="bbox 188 2658 1198 2736; baseline 0.001 -25"><span class='ocrx_word' id='word_1_127' title='bbox 188 2658 233 2711; x_wconf 78' lang='lat' dir='ltr'>nir</span> <span class='ocrx_word' id='word_1_128' title='bbox 257 2658 478 2731; x_wconf 81' lang='lat' dir='ltr'>paradoxornm,</span> <span class='ocrx_word' id='word_1_129' title='bbox 501 2658 551 2711; x_wconf 87' lang='lat' dir='ltr'>ubi</span> <span class='ocrx_word' id='word_1_130' title='bbox 573 2661 672 2736; x_wconf 65' lang='lat' dir='ltr'>lignili-</span> <span class='ocrx_word' id='word_1_131' title='bbox 712 2661 765 2715; x_wconf 77' lang='lat' dir='ltr'>bns</span> <span class='ocrx_word' id='word_1_132' title='bbox 785 2676 877 2714; x_wconf 87' lang='lat' dir='ltr'>actnm</span> <span class='ocrx_word' id='word_1_133' title='bbox 902 2680 960 2716; x_wconf 86' lang='lat' dir='ltr'>non</span> <span class='ocrx_word' id='word_1_134' title='bbox 982 2666 1029 2721; x_wconf 86' lang='lat' dir='ltr'>lit.</span> <span class='ocrx_word' id='word_1_135' title='bbox 1051 2662 1102 2715; x_wconf 88' lang='lat' dir='ltr'>nili</span> <span class='ocrx_word' id='word_1_136' title='bbox 1122 2662 1198 2713; x_wconf 77' lang='lat' dir='ltr'>forte</span> 
     </span>
     <span class='ocr_line' id='line_1_21' title="bbox 179 2742 1197 2807; baseline 0 -10"><span class='ocrx_word' id='word_1_137' title='bbox 179 2756 233 2797; x_wconf 75' lang='lat' dir='ltr'>&#39;cat</span> <span class='ocrx_word' id='word_1_138' title='bbox 257 2742 376 2802; x_wconf 63' lang='lat' dir='ltr'>cicero,</span> <span class='ocrx_word' id='word_1_139' title='bbox 397 2742 421 2795; x_wconf 83' lang='lat' dir='ltr'>se</span> <span class='ocrx_word' id='word_1_140' title='bbox 445 2742 525 2794; x_wconf 80' lang='lat' dir='ltr'>suiffe</span> <span class='ocrx_word' id='word_1_141' title='bbox 550 2743 670 2803; x_wconf 78' lang='lat' dir='ltr'>solitum,</span> <span class='ocrx_word' id='word_1_142' title='bbox 713 2746 781 2799; x_wconf 85' lang='lat' dir='ltr'>inest</span> <span class='ocrx_word' id='word_1_143' title='bbox 814 2746 978 2807; x_wconf 80' lang='lat' dir='ltr'>admiratio,</span> <span class='ocrx_word' id='word_1_144' title='bbox 1016 2761 1125 2799; x_wconf 84' lang='lat' dir='ltr'>tantum</span> <span class='ocrx_word' id='word_1_145' title='bbox 1154 2746 1197 2798; x_wconf 78' lang='lat' dir='ltr'>vi·</span> 
     </span>
     <span class='ocr_line' id='line_1_22' title="bbox 189 2825 1199 2903; baseline -0.001 -22"><span class='ocrx_word' id='word_1_146' title='bbox 189 2825 396 2881; x_wconf 74' lang='lat' dir='ltr'>exercitationis</span> <span class='ocrx_word' id='word_1_147' title='bbox 419 2828 513 2885; x_wconf 67' lang='lat' dir='ltr'>cauti,</span> <span class='ocrx_word' id='word_1_148' title='bbox 535 2846 579 2887; x_wconf 83' lang='lat' dir='ltr'>ca,</span> <span class='ocrx_word' id='word_1_149' title='bbox 602 2848 671 2899; x_wconf 85' lang='lat' dir='ltr'>qnae</span> <span class='ocrx_word' id='word_1_150' title='bbox 715 2851 777 2883; x_wconf 85' lang='lat' dir='ltr'>nun</span> <span class='ocrx_word' id='word_1_151' title='bbox 795 2845 850 2882; x_wconf 79' lang='lat' dir='ltr'>tarn</span> <span class='ocrx_word' id='word_1_152' title='bbox 871 2829 928 2884; x_wconf 87' lang='lat' dir='ltr'>levi</span> <span class='ocrx_word' id='word_1_153' title='bbox 944 2831 1023 2903; x_wconf 86' lang='lat' dir='ltr'>operi</span> <span class='ocrx_word' id='word_1_154' title='bbox 1038 2848 1137 2883; x_wconf 75' lang='lat' dir='ltr'>manns</span> <span class='ocrx_word' id='word_1_155' title='bbox 1152 2827 1199 2881; x_wconf 78' lang='lat' dir='ltr'>ad·</span> 
     </span>
     <span class='ocr_line' id='line_1_23' title="bbox 190 2905 1198 2986; baseline 0.002 -23"><span class='ocrx_word' id='word_1_156' title='bbox 190 2908 318 2964; x_wconf 81' lang='lat' dir='ltr'>dicantur</span> <span class='ocrx_word' id='word_1_157' title='bbox 333 2910 361 2962; x_wconf 88' lang='lat' dir='ltr'>in</span> <span class='ocrx_word' id='word_1_158' title='bbox 378 2908 474 2963; x_wconf 77' lang='lat' dir='ltr'>scholis</span> <span class='ocrx_word' id='word_1_159' title='bbox 488 2905 672 2980; x_wconf 57' lang='lat' dir='ltr'>defixione.</span> <span class='ocrx_word' id='word_1_160' title='bbox 714 2914 831 2967; x_wconf 85' lang='lat' dir='ltr'>moville</span> <span class='ocrx_word' id='word_1_161' title='bbox 858 2915 893 2968; x_wconf 82' lang='lat' dir='ltr'>cl.</span> <span class='ocrx_word' id='word_1_162' title='bbox 923 2930 957 2975; x_wconf 76' lang='lat'>2,</span> <span class='ocrx_word' id='word_1_163' title='bbox 985 2925 1021 2986; x_wconf 78' lang='lat'>4,</span> <span class='ocrx_word' id='word_1_164' title='bbox 1052 2929 1101 2981; x_wconf 82' lang='lat'>27.</span> <span class='ocrx_word' id='word_1_165' title='bbox 1151 2916 1198 2965; x_wconf 82' lang='lat' dir='ltr'>An</span> 
     </span>
     <span class='ocr_line' id='line_1_24' title="bbox 191 2995 1198 3073; baseline 0 -24"><span class='ocrx_word' id='word_1_166' title='bbox 191 2995 221 3049; x_wconf 85' lang='lat' dir='ltr'>in</span> <span class='ocrx_word' id='word_1_167' title='bbox 235 3012 334 3071; x_wconf 82' lang='lat' dir='ltr'>genere</span> <span class='ocrx_word' id='word_1_168' title='bbox 349 2996 486 3067; x_wconf 71' lang='lat' dir='ltr'>proposita</span> <span class='ocrx_word' id='word_1_169' title='bbox 540 2998 590 3049; x_wconf 83' lang='lat' dir='ltr'>‘tm</span> <span class='ocrx_word' id='word_1_170' title='bbox 605 3016 674 3048; x_wconf 80' lang='lat' dir='ltr'>corn-</span> <span class='ocrx_word' id='word_1_171' title='bbox 714 3018 817 3073; x_wconf 75' lang='lat' dir='ltr'>qesoqnc</span> <span class='ocrx_word' id='word_1_172' title='bbox 831 3014 927 3053; x_wconf 83' lang='lat' dir='ltr'>natnnr</span> <span class='ocrx_word' id='word_1_173' title='bbox 945 3018 978 3051; x_wconf 81' lang='lat' dir='ltr'>ex</span> <span class='ocrx_word' id='word_1_174' title='bbox 994 2997 1198 3073; x_wconf 80' lang='lat' dir='ltr'>malerepetito</span> 
     </span>
    </p>
   </div>
   <div class='ocr_carea' id='block_1_6' title="bbox 192 3076 1199 3220">
    <p class='ocr_par' dir='ltr' id='par_1_6' title="bbox 192 3076 1199 3220">
     <span class='ocr_line' id='line_1_25' title="bbox 192 3076 1199 3171; baseline 0.007 -41"><span class='ocrx_word' id='word_1_175' title='bbox 192 3080 250 3150; x_wconf 73' lang='lat' dir='ltr'>„pt</span> <span class='ocrx_word' id='word_1_176' title='bbox 266 3099 351 3131; x_wconf 82' lang='lat' dir='ltr'>rerum</span> <span class='ocrx_word' id='word_1_177' title='bbox 367 3076 523 3171; x_wconf 35' lang='lat' dir='ltr'>personffljq&#39;L</span> <span class='ocrx_word' id='word_1_178' title='bbox 565 3084 568 3089; x_wconf 75' lang='lat'>&#39;</span> <span class='ocrx_word' id='word_1_179' title='bbox 593 3081 672 3133; x_wconf 83' lang='lat' dir='ltr'>stttttn</span> <span class='ocrx_word' id='word_1_180' title='bbox 718 3084 845 3160; x_wconf 70' lang='lat' dir='ltr'>Quinto?</span> <span class='ocrx_word' id='word_1_181' title='bbox 888 3084 976 3139; x_wconf 77' lang='lat' dir='ltr'>codd.</span> <span class='ocrx_word' id='word_1_182' title='bbox 999 3082 1116 3157; x_wconf 76' lang='lat' dir='ltr'>quidem</span> <span class='ocrx_word' id='word_1_183' title='bbox 1139 3098 1199 3137; x_wconf 70' lang='lat' dir='ltr'>non</span> 
     </span>
     <span class='ocr_line' id='line_1_26' title="bbox 192 3160 833 3220; baseline 0.008 -5"><span class='ocrx_word' id='word_1_184' title='bbox 192 3160 263 3215; x_wconf 84' lang='lat' dir='ltr'>illnd</span> <span class='ocrx_word' id='word_1_185' title='bbox 286 3163 441 3215; x_wconf 82' lang='lat' dir='ltr'>oratorium</span> <span class='ocrx_word' id='word_1_186' title='bbox 463 3174 523 3217; x_wconf 79' lang='lat' dir='ltr'>trut</span> <span class='ocrx_word' id='word_1_187' title='bbox 564 3160 570 3171; x_wconf 88' lang='grc'><strong>’</strong></span> <span class='ocrx_word' id='word_1_188' title='bbox 595 3184 611 3218; x_wconf 81' lang='lat' dir='ltr'>e</span> <span class='ocrx_word' id='word_1_189' title='bbox 632 3163 674 3217; x_wconf 84' lang='lat' dir='ltr'>dl·</span> <span class='ocrx_word' id='word_1_190' title='bbox 715 3165 833 3220; x_wconf 73' lang='lat' dir='ltr'>varient.</span> 
     </span>
    </p>
   </div>
   <div class='ocr_carea' id='block_1_7' title="bbox 191 3244 1203 4163">
    <p class='ocr_par' dir='ltr' id='par_1_7' title="bbox 191 3244 1203 4163">
     <span class='ocr_line' id='line_1_27' title="bbox 192 3244 673 3323; baseline 0 -24"><span class='ocrx_word' id='word_1_191' title='bbox 192 3244 272 3299; x_wconf 84' lang='lat' dir='ltr'>cendi</span> <span class='ocrx_word' id='word_1_192' title='bbox 287 3264 382 3323; x_wconf 72' lang='lat' dir='ltr'>genna.</span> <span class='ocrx_word' id='word_1_193' title='bbox 406 3248 518 3319; x_wconf 82' lang='lat' dir='ltr'>legimus</span> <span class='ocrx_word' id='word_1_194' title='bbox 528 3262 623 3301; x_wconf 84' lang='lat' dir='ltr'>utrum</span> <span class='ocrx_word' id='word_1_195' title='bbox 639 3246 673 3300; x_wconf 87' lang='lat' dir='ltr'>ad</span> 
     </span>
     <span class='ocr_line' id='line_1_28' title="bbox 193 3328 672 3407; baseline 0.004 -25"><span class='ocrx_word' id='word_1_196' title='bbox 193 3330 281 3404; x_wconf 81' lang='lat' dir='ltr'>ipsos,</span> <span class='ocrx_word' id='word_1_197' title='bbox 304 3349 373 3403; x_wconf 76' lang='lat' dir='ltr'>quor</span> <span class='ocrx_word' id='word_1_198' title='bbox 390 3328 488 3407; x_wconf 72' lang='lat' dir='ltr'>legerit</span> <span class='ocrx_word' id='word_1_199' title='bbox 504 3335 575 3404; x_wconf 71' lang='lat' dir='ltr'>Qu,</span> <span class='ocrx_word' id='word_1_200' title='bbox 596 3330 672 3384; x_wconf 80' lang='lat' dir='ltr'>locos</span> 
     </span>
     <span class='ocr_line' id='line_1_29' title="bbox 194 3415 675 3486; baseline -0.004 -19"><span class='ocrx_word' id='word_1_201' title='bbox 194 3432 356 3467; x_wconf 76' lang='lat' dir='ltr'>communes</span> <span class='ocrx_word' id='word_1_202' title='bbox 373 3415 483 3486; x_wconf 82' lang='lat' dir='ltr'>spectet.</span> <span class='ocrx_word' id='word_1_203' title='bbox 502 3434 534 3466; x_wconf 82' lang='lat' dir='ltr'>an</span> <span class='ocrx_word' id='word_1_204' title='bbox 552 3415 585 3469; x_wconf 84' lang='lat' dir='ltr'>ad</span> <span class='ocrx_word' id='word_1_205' title='bbox 599 3435 675 3467; x_wconf 86' lang='lat' dir='ltr'>rnen-</span> 
     </span>
     <span class='ocr_line' id='line_1_30' title="bbox 196 3496 675 3571; baseline 0.004 -22"><span class='ocrx_word' id='word_1_206' title='bbox 196 3497 302 3551; x_wconf 82' lang='lat' dir='ltr'>tionem</span> <span class='ocrx_word' id='word_1_207' title='bbox 324 3516 422 3552; x_wconf 81' lang='lat' dir='ltr'>eornm</span> <span class='ocrx_word' id='word_1_208' title='bbox 447 3496 481 3551; x_wconf 86' lang='lat' dir='ltr'>ab</span> <span class='ocrx_word' id='word_1_209' title='bbox 497 3498 590 3571; x_wconf 82' lang='lat' dir='ltr'>aliquo</span> <span class='ocrx_word' id='word_1_210' title='bbox 614 3500 675 3552; x_wconf 82' lang='lat' dir='ltr'>[cri-</span> 
     </span>
     <span class='ocr_line' id='line_1_31' title="bbox 195 3583 676 3655; baseline 0.002 -21"><span class='ocrx_word' id='word_1_211' title='bbox 195 3596 277 3655; x_wconf 82' lang='lat' dir='ltr'>ptore</span> <span class='ocrx_word' id='word_1_212' title='bbox 311 3583 441 3653; x_wconf 79' lang='lat' dir='ltr'>injectant</span> <span class='ocrx_word' id='word_1_213' title='bbox 470 3584 568 3654; x_wconf 85' lang='lat' dir='ltr'>(qnod</span> <span class='ocrx_word' id='word_1_214' title='bbox 602 3584 676 3637; x_wconf 81' lang='lat' dir='ltr'>milii</span> 
     </span>
     <span class='ocr_line' id='line_1_32' title="bbox 194 3665 1201 3741; baseline 0.002 -22"><span class='ocrx_word' id='word_1_215' title='bbox 194 3666 375 3720; x_wconf 74' lang='lat' dir='ltr'>verisimiliue</span> <span class='ocrx_word' id='word_1_216' title='bbox 391 3666 541 3735; x_wconf 82' lang='lat' dir='ltr'>videtur),</span> <span class='ocrx_word' id='word_1_217' title='bbox 563 3668 591 3719; x_wconf 91' lang='lat' dir='ltr'>in</span> <span class='ocrx_word' id='word_1_218' title='bbox 608 3685 676 3719; x_wconf 86' lang='lat' dir='ltr'>neu·</span> <span class='ocrx_word' id='word_1_219' title='bbox 760 3668 853 3741; x_wconf 68' lang='lat' dir='ltr'>Neqe·</span> <span class='ocrx_word' id='word_1_220' title='bbox 869 3670 945 3721; x_wconf 73' lang='lat' dir='ltr'>latre.</span> <span class='ocrx_word' id='word_1_221' title='bbox 987 3671 1112 3741; x_wconf 79' lang='lat' dir='ltr'>Apparet</span> <span class='ocrx_word' id='word_1_222' title='bbox 1127 3665 1201 3721; x_wconf 77' lang='lat' dir='ltr'>malo</span> 
     </span>
     <span class='ocr_line' id='line_1_33' title="bbox 197 3738 1201 3829; baseline 0.003 -28"><span class='ocrx_word' id='word_1_223' title='bbox 197 3763 266 3802; x_wconf 81' lang='lat' dir='ltr'>tram</span> <span class='ocrx_word' id='word_1_224' title='bbox 289 3766 393 3823; x_wconf 81' lang='lat' dir='ltr'>partem</span> <span class='ocrx_word' id='word_1_225' title='bbox 417 3766 488 3803; x_wconf 81' lang='lat' dir='ltr'>certa</span> <span class='ocrx_word' id='word_1_226' title='bbox 512 3753 574 3803; x_wconf 87' lang='lat' dir='ltr'>[nnt</span> <span class='ocrx_word' id='word_1_227' title='bbox 597 3769 674 3827; x_wconf 69' lang='lat' dir='ltr'>argn-</span> <span class='ocrx_word' id='word_1_228' title='bbox 713 3738 890 3805; x_wconf 60' lang='lat' dir='ltr'>&#39;corninnatas</span> <span class='ocrx_word' id='word_1_229' title='bbox 913 3752 967 3805; x_wconf 83' lang='lat' dir='ltr'>hoc</span> <span class='ocrx_word' id='word_1_230' title='bbox 989 3751 1051 3804; x_wconf 86' lang='lat' dir='ltr'>loco</span> <span class='ocrx_word' id='word_1_231' title='bbox 1072 3770 1201 3829; x_wconf 73' lang='lat' dir='ltr'>paragra·</span> 
     </span>
     <span class='ocr_line' id='line_1_34' title="bbox 195 3834 1201 3914; baseline 0.004 -29"><span class='ocrx_word' id='word_1_232' title='bbox 195 3848 296 3887; x_wconf 81' lang='lat' dir='ltr'>menta.</span> <span class='ocrx_word' id='word_1_233' title='bbox 328 3834 431 3892; x_wconf 79' lang='lat' dir='ltr'>Potuit,</span> <span class='ocrx_word' id='word_1_234' title='bbox 449 3837 514 3887; x_wconf 87' lang='lat' dir='ltr'>licut</span> <span class='ocrx_word' id='word_1_235' title='bbox 533 3835 675 3907; x_wconf 83' lang='lat' dir='ltr'>prooemia</span> <span class='ocrx_word' id='word_1_236' title='bbox 716 3835 804 3908; x_wconf 70' lang='lat' dir='ltr'>plina,</span> <span class='ocrx_word' id='word_1_237' title='bbox 826 3856 889 3889; x_wconf 84' lang='lat' dir='ltr'>cunr</span> <span class='ocrx_word' id='word_1_238' title='bbox 904 3851 1022 3889; x_wconf 71' lang='lat' dir='ltr'>nova-et</span> <span class='ocrx_word' id='word_1_239' title='bbox 1041 3836 1201 3914; x_wconf 76' lang='lat' dir='ltr'>generalior</span> 
     </span>
     <span class='ocr_line' id='line_1_35' title="bbox 194 3917 1201 3994; baseline 0.004 -25"><span class='ocrx_word' id='word_1_240' title='bbox 194 3917 224 3969; x_wconf 92' lang='lat' dir='ltr'>in</span> <span class='ocrx_word' id='word_1_241' title='bbox 247 3917 376 3971; x_wconf 85' lang='lat' dir='ltr'>fntnrnm</span> <span class='ocrx_word' id='word_1_242' title='bbox 399 3917 496 3971; x_wconf 82' lang='lat' dir='ltr'>orandi</span> <span class='ocrx_word' id='word_1_243' title='bbox 518 3921 597 3973; x_wconf 82' lang='lat' dir='ltr'>ulum</span> <span class='ocrx_word' id='word_1_244' title='bbox 618 3920 676 3972; x_wconf 86' lang='lat' dir='ltr'>De·</span> <span class='ocrx_word' id='word_1_245' title='bbox 717 3920 843 3972; x_wconf 80' lang='lat' dir='ltr'>ordiatur</span> <span class='ocrx_word' id='word_1_246' title='bbox 868 3921 1028 3994; x_wconf 79' lang='lat' dir='ltr'>disputatio.</span> <span class='ocrx_word' id='word_1_247' title='bbox 1074 3921 1126 3975; x_wconf 86' lang='lat' dir='ltr'>Sed</span> <span class='ocrx_word' id='word_1_248' title='bbox 1149 3939 1201 3973; x_wconf 88' lang='lat' dir='ltr'>no·</span> 
     </span>
     <span class='ocr_line' id='line_1_36' title="bbox 192 4000 1203 4077; baseline 0.006 -24"><span class='ocrx_word' id='word_1_249' title='bbox 192 4001 361 4062; x_wconf 76' lang='lat' dir='ltr'>mnlihenes,</span> <span class='ocrx_word' id='word_1_250' title='bbox 388 4000 426 4052; x_wconf 77' lang='lat' dir='ltr'>ita</span> <span class='ocrx_word' id='word_1_251' title='bbox 452 4000 526 4056; x_wconf 85' lang='lat' dir='ltr'>locos</span> <span class='ocrx_word' id='word_1_252' title='bbox 550 4022 675 4059; x_wconf 84' lang='lat' dir='ltr'>commu-</span> <span class='ocrx_word' id='word_1_253' title='bbox 715 4002 758 4056; x_wconf 89' lang='lat' dir='ltr'>lni</span> <span class='ocrx_word' id='word_1_254' title='bbox 787 4004 898 4059; x_wconf 83' lang='lat' dir='ltr'>turbare</span> <span class='ocrx_word' id='word_1_255' title='bbox 920 4023 1055 4060; x_wconf 83' lang='lat' dir='ltr'>numeros</span> <span class='ocrx_word' id='word_1_256' title='bbox 1075 4007 1134 4077; x_wconf 78' lang='lat' dir='ltr'>jam</span> <span class='ocrx_word' id='word_1_257' title='bbox 1157 4024 1203 4059; x_wconf 74' lang='lat' dir='ltr'>tu·</span> 
     </span>
     <span class='ocr_line' id='line_1_37' title="bbox 191 4086 820 4163; baseline 0.008 -24"><span class='ocrx_word' id='word_1_258' title='bbox 191 4102 241 4141; x_wconf 80' lang='lat' dir='ltr'>nes</span> <span class='ocrx_word' id='word_1_259' title='bbox 257 4086 356 4145; x_wconf 85' lang='lat' dir='ltr'>Cicero</span> <span class='ocrx_word' id='word_1_260' title='bbox 371 4102 546 4161; x_wconf 82' lang='lat' dir='ltr'>componere.</span> <span class='ocrx_word' id='word_1_261' title='bbox 717 4106 820 4163; x_wconf 68' lang='lat' dir='ltr'>cepres.</span> 
     </span>
    </p>
   </div>
   <div class='ocr_carea' id='block_1_8' title="bbox 715 3286 1201 3611">
    <p class='ocr_par' dir='ltr' id='par_1_8' title="bbox 715 3286 1201 3611">
     <span class='ocr_line' id='line_1_38' title="bbox 757 3286 1199 3367; baseline -0.007 -22"><span class='ocrx_word' id='word_1_262' title='bbox 757 3310 808 3365; x_wconf 79' lang='lat' dir='ltr'>pro</span> <span class='ocrx_word' id='word_1_263' title='bbox 843 3288 952 3367; x_wconf 65' lang='lat' dir='ltr'>restibus</span> <span class='ocrx_word' id='word_1_264' title='bbox 981 3320 1022 3332; x_wconf 92' lang='lat'><em>-</em></span> <span class='ocrx_word' id='word_1_265' title='bbox 1052 3294 1081 3345; x_wconf 82' lang='lat' dir='ltr'>itt</span> <span class='ocrx_word' id='word_1_266' title='bbox 1109 3286 1199 3366; x_wconf 69' lang='lat' dir='ltr'>testes.</span> 
     </span>
     <span class='ocr_line' id='line_1_39' title="bbox 715 3376 1201 3447; baseline -0.006 -17"><span class='ocrx_word' id='word_1_267' title='bbox 715 3376 863 3446; x_wconf 70' lang='lat' dir='ltr'>Ejusmodi</span> <span class='ocrx_word' id='word_1_268' title='bbox 892 3378 921 3427; x_wconf 87' lang='lat' dir='ltr'>in</span> <span class='ocrx_word' id='word_1_269' title='bbox 950 3392 1104 3447; x_wconf 84' lang='lat' dir='ltr'>utrumque</span> <span class='ocrx_word' id='word_1_270' title='bbox 1139 3390 1201 3447; x_wconf 79' lang='lat' dir='ltr'>par·</span> 
     </span>
     <span class='ocr_line' id='line_1_40' title="bbox 717 3456 1200 3537; baseline -0.004 -24"><span class='ocrx_word' id='word_1_271' title='bbox 717 3476 772 3513; x_wconf 79' lang='lat' dir='ltr'>tem</span> <span class='ocrx_word' id='word_1_272' title='bbox 792 3476 952 3537; x_wconf 76' lang='lat' dir='ltr'>argumenta</span> <span class='ocrx_word' id='word_1_273' title='bbox 968 3460 1102 3512; x_wconf 81' lang='lat' dir='ltr'>ministrat</span> <span class='ocrx_word' id='word_1_274' title='bbox 1117 3456 1200 3512; x_wconf 78' lang='lat' dir='ltr'>Arist.</span> 
     </span>
     <span class='ocr_line' id='line_1_41' title="bbox 716 3544 974 3611; baseline -0.012 -12"><span class='ocrx_word' id='word_1_275' title='bbox 716 3544 800 3599; x_wconf 83' lang='lat' dir='ltr'>eret.</span> <span class='ocrx_word' id='word_1_276' title='bbox 819 3564 844 3604; x_wconf 90' lang='lat'>1,</span> <span class='ocrx_word' id='word_1_277' title='bbox 865 3558 908 3611; x_wconf 79' lang='lat'>15,</span> <span class='ocrx_word' id='word_1_278' title='bbox 929 3559 974 3610; x_wconf 87' lang='lat'>17.</span> 
     </span>
    </p>
   </div>
   <div class='ocr_carea' id='block_1_9' title="bbox 0 0 1323 4710">
    <p class='ocr_par' dir='ltr' id='par_1_9' title="bbox 0 0 1323 4710">
     <span class='ocr_line' id='line_1_42' title="bbox 0 0 1323 4710; baseline 0 0"><span class='ocrx_word' id='word_1_279' title='bbox 0 0 1323 4710; x_wconf 95' lang='lat' dir='ltr'> </span> 
     </span>
    </p>
   </div>
  </div>
 </body>
</html>
