2596 4710
322 377 445 447 1usr.
472 377 680 449 ouurou
705 379 796 449 nn.
819 377 893 463 111,
919 394 952 463 3.
1060 383 1133 470 ⁵67
1230 475 1267 493 ,ἱ

136 565 251 639 thino
278 580 318 639 et
340 565 592 654 Catilinarim
620 564 725 641 nihtl
748 565 799 640 ad
817 563 1022 642 historiam
1042 591 1132 666 per·

134 681 353 756 tinentibus
374 681 583 781 principiis
606 678 718 757 orsus
737 678 803 754 est.
859 680 935 755 Sed
956 707 1066 755 nunc
1080 682 1177 758 adm

133 792 358 883 suasoriam,
381 797 539 897 inqua,
568 797 687 870 etiam
705 822 797 871 cum
814 797 1023 897 prooemio
1047 813 1132 871 ute*

133 934 245 998 mur,
275 909 459 987 breviore
484 926 634 1000 tamen,
669 927 708 985 et
730 910 843 986 velut
870 912 1045 1010 quodam
1069 937 1131 985 ca-

132 1027 216 1124 pite
242 1040 394 1102 tantum
424 1040 464 1101 et
492 1027 630 1117 initio,
671 1025 904 1101 debebimus
934 1024 1007 1101 ess'e
1034 1052 1129 1103 con-

132 1141 243 1215 teuti.
307 1143 589 1218 Narrationem
621 1167 720 1218 vero
756 1166 964 1241 nunquam
1001 1144 1131 1243 exiget
1163 1198 1168 1207 .

130 1256 283 1355 privata
314 1254 566 1346 deliberatio,
617 1262 702 1351 eius
729 1254 918 1332 duntaxat
949 1258 1025 1345 rei,
1078 1256 1129 1331 dc

131 1395 210 1468 qua
236 1370 402 1446 dicenda
425 1370 614 1446 sententia
639 1370 712 1447 est:
751 1374 844 1470 quia
872 1397 991 1447 nemo
1013 1372 1128 1471 igno·

130 1500 190 1560 rut
202 1486 259 1575 id,
287 1485 439 1587 dequo
463 1484 642 1563 consulit.
701 1485 949 1561 Extrinsecus
966 1482 1169 1587 possunt¹¹

129 1603 369 1699 pertinentia
390 1602 440 1678 ad
464 1602 791 1677 deliberationem
814 1603 940 1677 multa
963 1603 1147 1676 narrari·

128 1717 177 1789 Iu
207 1717 468 1792 concionibus
497 1715 609 1817 saepe
640 1713 695 1789 est
724 1718 842 1793 etium
877 1717 965 1805 illa,
1024 1740 1127 1819 quae

129 1829 314 1905 ordinem
334 1832 393 1904 rei
416 1831 550 1920 docet,
583 1826 799 1906 necessaria.
857 1826 1053 1920 Affectus,
1080 1843 1172 1906 utu

195 2066 361 2120 Catiliumio.
404 2063 499 2121 Guels.
522 2078 550 2119 st
573 2062 669 2119 Turio.
695 2064 826 2121 caetum
853 2082 917 2119 curm
941 2064 1016 2121 Alm.
1039 2052 1126 2121 Goth.

128 2148 203 2206 Voss.
221 2163 249 2203 α.
271 2162 299 2202 et
314 2148 376 2203 edd.
396 2165 458 2203 ante
473 2148 589 2203 Badium
612 2149 681 2202 meis
698 2149 828 2204 omnibus
848 2166 957 2223 praeter
970 2148 1053 2225 Abs„
1076 2154 1129 2205 Bo·

128 2231 192 2286 dius
213 2252 228 2287 e
250 2234 406 2305 conjectura
428 2232 542 2287 videtur
557 2232 621 2287 dure
644 2234 716 2287 surum
731 2233 893 2294 lectionem,
914 2218 1045 2307 quoniam
1061 2232 1126 2291 Vas·

127 2314 206 2371 lentis
221 2316 290 2373 eod.
305 2318 468 2371 auctoritato
482 2334 542 2372 nou
558 2318 649 2371 utitur
664 2318 694 2370 in
711 2331 786 2372 nota.
825 2316 880 2372 aad
894 2318 997 2372 secedit
1010 2317 1045 2371 ad
1059 2314 1124 2394 pro·

127 2399 192 2455 bam
214 2402 373 2474 scripturam
391 2401 466 2459 Voss.
484 2414 512 2470 5.
533 2402 704 2477 praeserem:
728 2401 882 2457 Catilinam.

191 2501 302 2539 utemur.
347 2484 440 2540 Guels.
455 2500 483 2540 et
498 2487 593 2541 Turio.
610 2491 708 2540 utiruur
720 2505 785 2540 cum
792 2484 866 2542 Alm.
889 2487 994 2543 Contra
1006 2486 1081 2548 Voss.
1094 2500 1122 2541 2.

126 2568 213 2625 Goth.
236 2588 304 2622 mox
325 2570 449 2625 &bemus
469 2588 522 2643 pro
543 2570 702 2624 debebimus.

190 2675 323 2728 uurrquam
335 2657 410 2727 exig.
439 2654 612 2709 Turiccum
628 2652 701 2707 Aim.
724 2652 860 2729 Numquid
875 2674 898 2707 s.
921 2652 955 2707 cs.
974 2672 1000 2712 ι,
1025 2672 1050 2713 ι,
1072 2665 1102 2719 5.

189 2736 281 2811 neceff.
310 2739 410 2809 Afficr.
431 2767 472 2779 -
493 2757 561 2809 quae
583 2767 622 2779 -
643 2734 772 2811 postulat.
816 2740 862 2791 Sic
875 2733 964 2797 Abu..
985 2754 1048 2790 cum
1064 2754 1122 2808 quo

126 2818 281 2874 Turiceutis
297 2818 384 2871 faeere
400 2819 480 2893 plane
495 2822 531 2872 est
544 2818 744 2893 putsndru‚'in
758 2819 865 2875 silentio
879 2821 921 2877 cl.
939 2819 1121 2899 Sulzbergeri.

127 2903 172 2958 ub
187 2898 328 2958 Obrechto
342 2902 408 2956 iude
424 2903 497 2954 enim
520 2902 687 2957 verissimam
701 2902 771 2956 banc
787 2905 946 2978 scripturam
964 2905 1124 2978 praeferunt

126 2987 211 3048 editi,
233 2999 340 3059 praeter
361 2985 516 3041 Rolliuuru.
560 2990 654 3059 itaquo
670 3004 698 3040 et
718 2985 751 3040 ab
767 2991 882 3065 Argeut.
905 2989 1007 3044 Codice
1029 2986 1123 3041 lectio·

127 3091 192 3125 uem
220 3069 336 3147 nostram
357 3069 468 3125 defendi
497 3071 631 3126 existimo.
694 3070 848 3124 Minimum
871 3071 1003 3125 recedunt
1027 3070 1122 3125 Grtels.

126 3156 202 3214 Voss.
225 3174 249 3208 ι.
266 3169 294 3221 5.
316 3154 416 3216 uem,
443 3154 515 3207 nihil
538 3174 573 3208 ex
595 3153 674 3209 omni
696 3152 746 3208 luc
763 3155 894 3231 scriptura
911 3170 1048 3209 mirantes
1071 3156 1123 3209 nisi

127 3240 203 3314 quod
231 3236 393 3314 postulanda
422 3237 489 3291 daut
510 3257 561 3312 pro
583 3236 713 3314 postulat.
775 3239 848 3293 Edd.
872 3258 947 3295 meae
971 3255 1034 3293 unte
1057 3237 1121 3295 Aut.

127 3342 236 3379 omarus:
260 3321 352 3400 uecaeff.
367 3323 404 3376 ad
426 3329 505 3393 (uon
517 3324 589 3382 Jens.
614 3325 668 3385 At,
688 3337 722 3381 ut
733 3338 827 3379 narrat
841 3326 944 3391 Geso.)
967 3324 1059 3399 affect-
1084 3352 1118 3365 -·

126 3407 290 3483 postulabit.
327 3407 493 3480 quibuscum
522 3407 695 3463 consentiunt
717 3407 804 3465 Goth.
832 3423 859 3463 et
879 3407 954 3464 Voss.
980 3424 1008 3461 n.
1041 3408 1125 3462 omit-

127 3508 214 3547 tentes
237 3506 326 3544 tamen
351 3493 396 3545 ud.
446 3491 492 3547 Ab'
510 3490 584 3548 aldo
604 3490 638 3547 ad
658 3490 737 3549 naut.
761 3510 865 3565 usque:
896 3490 988 3571 uo'ceff.
1005 3508 1032 3546 et
1052 3488 1126 3563 (vei

128 3579 184 3650 Et)
205 3578 256 3653 aff.
276 3605 318 3617 -
339 3596 457 3652 quaeque
479 3606 519 3620 -
539 3574 696 3653 postulabit.
736 3576 815 3632 Basil.
836 3576 911 3632 redit
925 3576 959 3630 ad
974 3584 1045 3634 vett.
1062 3575 1123 3632 edd.

127 3777 242 3831 isocrate
266 3772 358 3828 saitem
375 3774 458 3831 habet
479 3774 607 3850 prosette
649 3789 678 3837 s,
703 3792 750 3837 so,
773 3789 802 3830 2.
839 3778 886 3837 εἰ,
907 3788 937 3843 5.
964 3772 1021 3844 156
1041 3774 1128 3837 „dum

127 3858 374 3933 reprehensionem.
398 3863 450 3915 Pro
466 3859 608 3935 msusrnn-
648 3876 748 3922 ‚aaut
775 3860 806 3914 in
830 3859 970 3933 judiciis.“
1006 3860 1074 3915 item
1098 3880 1125 3923 ι.

126 3941 162 3996 lis
177 3960 262 4016 paene
279 3940 357 4017 usus.
379 3943 422 3998 sed
443 3944 511 4000 libri
535 3942 608 3999 nibil
647 3954 685 4017 4,
711 3958 749 3998 ao
773 3942 964 4019 querulosum
977 3942 1050 4001 mole
1066 3943 1127 3999 soli·

128 4028 246 4080 variant.
649 4026 736 4085 cinari
748 4029 780 4084 in
796 4028 943 4087 nouerit.
964 4026 1125 4085 cs.Tursell.

170 4114 204 4181 ej.
228 4110 364 4166 duntaxat
390 4114 438 4169 rei.
480 4115 610 4175 „Duma-
648 4121 758 4189 pm.
788 4110 911 4183 Sisssitt.
919 4114 957 4169 H·
966 4114 1005 4169 N·
1024 4128 1074 4183 55,
1098 4125 1127 4181 5.

128 4204 214 4257 „xer”
235 4194 264 4250 h.
278 4193 297 4249 s.
319 4192 357 4251 est
370 4212 423 4271 pro
440 4194 554 4273 fabem.
575 4212 609 4253 ut
648 4196 721 4252 Pliu.
736 4198 822 4275 Epist.
838 4212 873 4268 5.
895 4216 925 4273 9,
946 4194 996 4251 26.
