2596 4710
470 295 809 411 minemo.
1025 322 1142 379 mu

129 506 249 574 ·„rum
270 480 537 557 multitudine
555 510 668 583 quae,
691 452 1022 581 niu-verborum,
1051 496 1140 570 ver-

132 617 277 710 „suum
303 633 435 692 tamen
458 643 675 696 numerum
695 619 812 698 facile
830 628 1013 725 aequent,
1040 653 1142 730 pau.

132 781 239 845 με,
288 753 537 830 incredibilis
563 756 609 829 in
637 757 800 835 librario
831 756 1004 862 stuporis
1031 764 1141 839 indi·

130 916 237 983 „ces‚
266 884 485 991 apposuiffe
508 885 691 965 sufficiet:
736 886 901 1002 Ihebosa
929 900 1009 972 ruis
1035 904 1139 974 exci-

133 1029 301 1130 ‚dimust
358 1024 483 1101 rubos
517 1026 622 1099 arvis
658 1024 866 1103 exidimus.·
931 1031 998 1105 Ac
1029 1033 1137 1109 reluo

133 1144 350 1252 amitibus?
402 1184 446 1233 ac
483 1158 783 1238 reluctantibus.
869 1162 1138 1241 Ducttduten:

132 1296 439 1398 „Thucydiden
496 1295 708 1373 Aminea.-
745 1294 924 1378 ἅσύνδετα.
957 1318 1006 1355 ’-
1053 1303 1138 1375 Ne·

132 1459 235 1534 „que
272 1458 373 1508 vero
411 1428 607 1510 existimes
636 1435 767 1509 multa
800 1436 846 1509 in
882 1433 1135 1512 emendando

132 1565 380 1671 „praestitiffe
414 1569 650 1647 correctoris
679 1571 890 1671 ingenium
918 1587 1037 1670 atque
1071 1569 1134 1645 di-

131 1705 383 1805 „figentium
455 1718 503 1778 ut
542 1728 618 1778 nec
660 1705 710 1780 ab
761 1707 1135 1807 interpretamentis,

132 1864 256 1939 „quae
285 1838 353 1913 hic
378 1837 464 1913 illic
494 1835 641 1939 aspersa
669 1837 780 1929 sunt,
819 1842 994 1917 multum
1023 1845 1134 1917 muti·

131 1976 200 2066 „iii
227 1976 360 2050 venit:
396 1999 442 2047 ea
468 1976 575 2049 enim
601 1977 756 2065 omniu,
787 1971 817 2048 st
839 2000 925 2053 non
953 1974 1133 2066 absurda,

132 2127 257 2201 „certe
282 2107 483 2210 superflua
512 2108 614 2185 sunt.
673 2113 779 2188 Cum
803 2137 842 2185 v.
865 2139 896 2184 c.
927 2135 967 2202 9,
995 2130 1035 2200 3,
1066 2121 1132 2200 56.

133 2245 340 2337 „Africano
356 2247 549 2320 virtutem
569 2242 775 2334 industria,
805 2246 934 2323 virtus
952 2246 1134 2346 glorium,

134 2385 278 2483 „gloria
303 2383 479 2456 aemulos
499 2378 732 2481 comparaffe
756 2380 923 2472 dieitur,
956 2383 1049 2482 pius
1070 2384 1133 2457 in-

132 2533 302 2618 „terpres
332 2517 504 2615 margini
535 2515 677 2611 adjecit
712 2522 803 2605 „Tu
836 2541 935 2618 verq
967 2516 1132 2592 domine

131 2652 388 2752 „„iusceptor
407 2676 534 2740 meus,
562 2675 604 2726 es
621 2652 749 2752 gloria
771 2675 870 2738 mea,
899 2667 939 2725 et
959 2654 1132 2727 exaltans

130 2804 299 2890 „caput
327 2799 501 2863 meum.“
557 2791 607 2862 Et
632 2788 711 2863 alio
738 2787 829 2862 loco
855 2786 928 2883 (1,
960 2804 1005 2876 5,
1036 2788 1132 2889 57.)

129 2924 224 3014 „ubi
237 2924 509 3028 Quintilianus
528 2922 579 2996 de
600 2922 746 2998 Gurdis
764 2923 966 3023 loquitur,
995 2923 1133 2996 citavit

129 3059 296 3158 „aliquis
320 3083 367 3131 ex
390 3059 471 3132 vita
500 3058 558 3131 Sti
581 3059 688 3132 Mari
716 3059 838 3153 verba
861 3056 977 3132 haec:
1024 3062 1132 3147 „Au-

130 3192 300 3284 „„‹lietis
350 3218 415 3267 me
467 3209 515 3268 ut
563 3191 832 3292 gurdonicum
887 3193 1132 3268 Ιιοιιιὶιιειιιέι

124 3333 273 3425 (Hunc
301 3325 432 3427 ipsum
456 3329 592 3404 locum
620 3352 644 3402 e
673 3330 841 3426 Sulpicii
867 3327 1004 3401 Severi
1027 3327 1132 3401 Diat.

133 3490 164 3537 ι.
197 3489 231 3539 c.
253 3485 319 3558 27.
347 3460 459 3539 affert
477 3459 722 3543 colomefius
736 3462 786 3537 ad
802 3463 938 3566 Quint.
959 3486 1133 3574 quapru-

126 3615 215 3700 pter
241 3625 319 3701 pro
354 3602 413 3675 Sti
439 3604 553 3675 Mari
576 3601 658 3675 vita
689 3593 865 3698 suspicor
893 3623 1011 3688 eum,
1061 3601 1136 3699 qui

126 3736 223 3809 haec
247 3735 446 3822 attineret,
485 3732 653 3812 voluisse
683 3735 743 3809 Sti
770 3736 960 3833 Martini,
1003 3758 1135 3833 quon·

124 3872 388 3948 iamseverus
407 3872 487 3972 agit
504 3869 662 3960 dehoc,
687 3895 771 3945 non
788 3868 839 3944 de
852 3872 956 3968 illo.)
1015 3874 1134 3959 „For-

123 4031 239 4097 „mae
263 4007 486 4095 literarum,
515 4032 607 4085 cum
627 4008 880 4107 exigerentur
905 4004 955 4082 ad
982 4007 1134 4083 tabutas
