3158 4802
401 360 524 432 INST.
551 358 761 434 outron
788 365 879 434 LIB.
899 367 930 454 1,
953 389 986 436 t.
1135 383 1183 452 51

98 609 99 616 κ
173 573 223 633 tu
240 553 454 642 videntur,
480 567 705 654 retroagant
724 551 879 644 rursus,
907 569 948 628 et
963 557 1072 632 varia
1093 581 1186 658 per-

97 713 99 756 ;
173 673 397 748 mutatione
422 668 675 781 perturbent,
701 667 831 746 donec
856 671 1010 760 literas,
1034 673 1108 772 qui
1120 675 1185 748 in·

174 785 416 872 stituuntur,
444 780 546 858 facie
570 785 727 872 norint,
758 810 844 860 non
863 783 1016 861 ordine.
1076 791 1184 892 Qun·

171 915 339 1001 propter
369 898 541 1000 optime,
576 895 676 974 licut
700 898 935 987 hominum,
972 903 1119 1000 pariter
1140 916 1183 976 et

172 1015 335 1092 habitus
365 1029 405 1088 et
423 1013 592 1090 'nomina
617 1005 904 1090 edocebantur.
972 1014 1051 1090 Sed
1066 1015 1232 1116 quod²⁶

171 1132 220 1206 in
236 1130 361 1204 uteris
378 1109 499 1216 oben,
515 1129 560 1202 in
575 1125 737 1228 syllabis
754 1153 839 1204 non
856 1129 1027 1204 nocebit
1082 1132 1183 1208 Non

170 1244 344 1321 excludo
372 1260 524 1332 autem,
551 1241 597 1317 id
623 1241 737 1342 quod
757 1241 814 1318 est
833 1259 995 1334 notum,
1023 1246 1182 1320 irritan-

167 1359 249 1438 dae
269 1359 319 1434 ad
341 1357 575 1434 discendum
599 1355 790 1434 infantiae
814 1359 958 1458 gratia,
985 1359 1182 1437 eburneas

166 1461 293 1551 etiam
308 1475 513 1548 literarum
526 1471 674 1550 formas
693 1475 739 1548 in
765 1471 901 1549 lulum
916 1467 1082 1566 offerre;
1112 1476 1181 1550 vel

131 1607 140 1616 ·
171 1590 203 1664 fi
230 1587 329 1690 quid
354 1587 489 1676 aliud,
522 1614 606 1689 quo
629 1589 754 1688 magis
779 1588 849 1664 illa
873 1604 975 1665 aetas
998 1591 1179 1690 gaudeat,

118 1773 125 1782 .
170 1706 351 1780 inveniri
375 1701 526 1804 potest,
556 1702 670 1803 quod
692 1718 877 1793 tractare,
904 1706 1080 1795 intueri,
1103 1732 1179 1783 no·

168 1821 343 1908 minare,
379 1816 607 1914 jucundum
629 1816 686 1892 fit
754 1819 861 1895 Cum
883 1809 979 1898 vero
1004 1825 1081 1914 iam
1100 1820 1224 1898 ‹lu-2⁷

170 1953 260 2012 ctus
273 1933 387 2034 sequi
403 1935 589 2034 coeperit,
618 1957 703 2009 uon
720 1934 866 2008 inutile
883 1935 959 2008 erit
976 1959 1039 2011 eas
1055 1937 1189 2014 tabet·
1249 1984 1252 1993 ·

169 2052 235 2124 lae
260 2075 382 2151 quam
405 2050 555 2148 optime
577 2035 767 2150 insculpi,
801 2063 849 2123 ut
869 2074 940 2149 per
954 2051 1046 2126 illos
1062 2054 1177 2128 velut

168 2163 303 2240 sulcos
333 2163 502 2240 ducatur
524 2162 645 2240 ffilua
726 2165 834 2240 Nam
855 2189 989 2264 neque
1019 2166 1177 2256 errabit,

166 2275 514 2379 quemadmodum
547 2281 593 2352 in
618 2279 717 2353 ceris
739 2280 1038 2380 (continebitur
1066 2284 1176 2356 enim

164 2397 363 2494 utrinque
384 2394 676 2496 marginibus),
703 2417 836 2492 neque
861 2411 967 2470 extra
989 2394 1176 2496 praescri·

162 2527 282 2613 ptum
302 2511 451 2610 poterit
468 2508 624 2610 egredi;
655 2526 694 2583 et
709 2510 878 2585 celerius
891 2535 934 2584 ac
949 2508 1103 2612 saepius
1118 2510 1177 2587 se-

162 2625 336 2728 quendo
352 2641 454 2699 certa
462 2624 637 2725 vestigia,
664 2622 852 2700 formabit
870 2626 1075 2716 articulos;
1104 2652 1177 2704 ne-

159 2769 243 2845 que
267 2739 408 2844 egebit
426 2740 626 2834 adiutorio
653 2765 820 2816 manum
837 2736 948 2814 suam
964 2765 1097 2818 manu·
1108 2741 1174 2818 lu-

155 2885 230 2961 per
239 2853 432 2958 impona
443 2857 623 2954 regentis.
660 2857 759 2931 Non
768 2851 823 2930 ell
841 2856 1049 2945 alienares,
1065 2882 1168 2956 quae
1179 2891 1220 2956 ²8

152 2977 240 3052 fere
271 2975 329 3047 ab
354 2967 530 3044 honestis
559 2971 710 3070 negligi
731 2967 852 3060 folet,
891 2997 986 3047 cura
1011 2972 1114 3048 bene
1128 2998 1173 3048 ac

154 3089 361 3168 velociter
386 3079 593 3158 scribendi.
659 3085 767 3160 Nam
788 3111 882 3162 cum
905 3083 952 3161 lit
969 3089 1014 3164 in
1032 3085 1175 3166 studiis
1218 3115 1223 3128 ·

153 3206 451 3310 praecipuum,
489 3223 653 3299 quoque
686 3196 772 3274 solo
800 3225 920 3277 verus
947 3204 1020 3277 ille
1038 3201 1173 3302 profe-

150 3341 254 3413 ctus,
280 3335 322 3395 et
338 3317 431 3392 altis
441 3314 640 3390 radicibus
648 3314 779 3404 nnus,
808 3331 979 3416 paretur,
1003 3315 1172 3393 scribere

105 3439 316 3542 ulpium:
356 3431 511 3509 tardior
527 3427 639 3508 llilus
668 3430 947 3530 cogitationem
970 3447 1150 3510 moratur
1157 3461 1171 3525 ς

195 3676 384 3750 naqu'extra
397 3659 652 3739 praescriptum·
684 3659 731 3718 sie
749 3656 808 3718 cic
830 3659 903 3736 Epp.
927 3662 961 3716 cd
985 3661 1055 3720 niv.
1073 3679 1100 3727 a.
1121 3677 1169 3735 ¹5.

151 3761 217 3814 terit
232 3753 339 3828 egredi.
386 3748 463 3824 Quid
479 3747 652 3828 bocdillent
684 3745 825 3804 &eurem
841 3743 978 3822 lonestam
998 3747 1050 3804 effe
1066 3752 1149 3828 utpio
1156 3775 1168 3826 3

149 3841 186 3896 ab
209 3838 265 3894 illo
289 3851 405 3908 „nequo
422 3831 551 3890 errabit‘·
573 3833 651 3906 equi·
683 3845 712 3886 et
728 3829 835 3886 l’liuiut
848 3829 917 3886 llill.
935 3849 989 3889 nra
1016 3845 1065 3904 35.
1083 3855 1106 3891 a.
1119 3855 1166 3893 ro.

156 3926 222 3982 dem
249 3939 310 3976 non
335 3917 477 3980 dixerim
506 3917 602 3976 fedeli
618 3917 650 3972 iu
683 3930 736 3978 „ut
750 3915 868 3994 ingenui
884 3933 1043 3974 exercerent
1061 3921 1166 3996 (pictu-

154 4007 292 4064 onuu'brn
317 3998 412 4060 codd.
682 4003 776 4074 ηῐιιιι)
793 4019 863 4055 mox
881 4015 914 4056 ut
929 4001 1045 4080 bonesti.
1070 4023 1169 4080 perpe.

194 4095 233 4152 ,ὁ
254 4085 385 4164 honestis.
428 4083 462 4140 nb
483 4081 647 4142 bannitur
680 4099 750 4146 „ttw
769 4083 921 4141 interdicto
935 4105 970 4142 ua
987 4089 1099 4148 [ervitio
1116 4091 1165 4144 do·

149 4184 179 4235 in
196 4179 294 4252 aliqua
320 4167 461 4250 dignitus
482 4167 646 4226 constitutit.
679 4181 855 4232 „erutum
