2596 4710
787 154 797 195 s

109 256 181 362 aa
343 275 400 344 M.
425 276 527 344 raa.
555 273 866 368 octrumum
914 278 920 289 ’

108 464 200 566 plus
230 461 326 536 erit:
368 463 463 560 quia
491 461 555 539 his
584 463 776 537 aetatibus
805 463 937 537 omnis
966 463 1010 536 in
1038 489 1114 538 au·

108 574 259 653 diendo
294 570 499 677 profectus
530 576 595 651 est.
670 579 776 654 Cum
807 577 857 650 ad
887 570 1021 650 stilum
1053 576 1117 652 se-.

110 693 244 776 oedet,
288 717 382 766 cum
428 694 632 791 generabit
674 688 757 792 ipse
798 691 953 790 aliquid
989 709 1119 792 atque·³

111 823 344 907 componet;
399 824 487 882 tum
523 809 711 883 inchoare
748 808 844 881 haec
877 805 1009 880 studia
1044 808 1115 881 rel·

70 943 200 998 ιδῐιοιι
230 922 401 1011 vacabit,
440 924 506 997 vel
538 949 621 998 uon
652 922 803 996 libebit.
878 927 983 1021 Ergo
1016 949 1117 998 curn·

114 1038 391 1138 grammaticus
443 1054 576 1113 totum
621 1037 729 1113 diem
753 1062 975 1135 :occupare
1025 1063 1112 1113 non

114 1151 244 1253 possit,
277 1177 350 1227 nec
366 1153 525 1241 debeat,
555 1179 606 1227 ne
622 1151 806 1227 discentis
828 1154 1008 1227 auiumm
1032 1167 1118 1225 tae-

115 1266 184 1343 dio
208 1284 378 1342 avertat:
411 1270 558 1367 quibus
575 1270 712 1368 potius
734 1266 873 1342 studiis
895 1267 990 1340 hoec
1013 1282 1113 1339 tem·

72 1396 262 1483 ztporum
294 1384 408 1456 velut
437 1381 637 1457 subseciva
670 1382 936 1457 donabimus?
1003 1385 1113 1456 Nam

115 1521 188 1570 nec
219 1520 293 1595 ego
326 1495 506 1571 consumi
537 1495 760 1573 studentem
788 1499 831 1570 in
864 1498 927 1571 his
960 1497 1122 1589 artibus'

114 1612 232 1686 volo:
280 1637 352 1684 nec
390 1611 644 1701 moduletur,
683 1630 751 1686 aut
785 1610 944 1686 musicis
967 1609 1182 1694 modim

115 1729 264 1799 cantica
293 1728 478 1826 excipiat;
518 1753 590 1800 nec
617 1726 759 1828 utique
788 1726 836 1800 ad
862 1724 1125 1802 minutittima·

115 1842 354 1938 geometriae
372 1868 490 1941 opera
508 1841 725 1916 descendat.
758 1847 856 1915 Non
872 1839 1116 1917 comoedum

15 1943 20 1956 ¹
97 1955 161 2029 ‚in
195 1956 524 2054 pronunciando,
560 1983 633 2031 nec
670 1956 892 2032 saltatorem
926 1957 968 2031 in
1002 1953 1115 2056 gestu

114 2065 240 2145 facio:
273 2096 374 2171 quae
392 2070 424 2146 fi
440 2074 574 2148 onmia
591 2075 807 2171 exigerem,
839 2069 1129 2170 suppeditabat.

174 2263 324 2342 subseciva.
368 2267 461 2324 Guelf.
476 2267 613 2343 subicitur,
635 2265 664 2321 in
678 2288 732 2342 qua
747 2266 903 2342 corrrrptela
916 2266 983 2323 latet
997 2283 1113 2343 recepte,

117 2368 274 2424 quanquam
296 2350 439 2430 vulgatam
463 2350 593 2406 vocabuli
608 2352 765 2426 scripturam
782 2370 875 2406 veram
892 2370 949 2405 non
963 2366 1049 2427 puto,
1071 2350 1115 2408 sed

112 2430 260 2509 suecifiua,
282 2454 296 2488 ι
315 2434 492 2509 succidendo,
520 2435 701 2492 scribendum.
746 2439 847 2513 Magna
868 2451 989 2509 receptae
1012 2433 1128 2491 aceedit'

25 2584 30 2591 ¹
115 2518 264 2572 auotoritas
280 2537 315 2572 ex
328 2517 401 2574 libro
415 2517 584 2579 Florentino,
599 2535 728 2575 narruute
741 2519 842 2599 Regio.
877 2521 972 2575 Turio.
981 2519 1117 2595 [ulfic-ina

116 2607 186 2656 eorr‘.
204 2599 371 2677 subseciva(
398 2603 479 2676 Quod
494 2603 555 2658 edd.
572 2603 717 2680 pleraeque
736 2592 806 2658 vett.
821 2603 901 2660 deut:
924 2602 1064 2680 sulpura,
1086 2606 1116 2656 in

114 2683 211 2746 nullo,
233 2700 318 2760 puto,
338 2685 375 2741 etl
390 2688 501 2744 Codice.
627 2710 673 2744 nec
688 2707 749 2763 ogo.
779 2684 938 2746 (inelimata
953 2709 996 2761 eg.
1027 2686 1114 2742 Goth.

117 2773 131 2839 (
139 2783 189 2823 tae.
204 2772 305 2843 Gelu.)
319 2793 351 2825 ne
364 2790 407 2846 eg.
430 2770 490 2827 vid.
504 2785 564 2827 not.
580 2792 658 2851 exeg.
674 2774 708 2826 ud
728 2793 752 2832 1,
772 2785 806 2840 5,
829 2787 867 2844 39
889 2795 921 2825 ne
938 2771 1074 2845 ltotfetit.

158 2855 309 2909 moduletur
322 2871 379 2910 aut.
402 2854 495 2912 Guels.
511 2858 582 2912 mod.
597 2873 633 2911 et.
649 2857 761 2916 eodem,
777 2857 828 2911 niti
841 2855 936 2916 fallor,
953 2858 1042 2920 sertsug
1064 2856 1118 2912 dis·

117 2937 217 2993 duilius
231 2938 370 3012 explicatu
384 2940 539 3015 quoddam
555 2939 641 2997 Goth.
657 2957 684 2996 et
698 2941 771 2997 Vols.
785 2940 829 2995 ad.
845 2956 882 2996 ut.
905 2942 1038 2996 Ceterum
1051 2961 1116 3021 gan·

115 3021 186 3081 deo,
209 3042 224 3076 ι
244 3024 313 3077 meis
336 3024 423 3099 Codd.
447 3025 533 3080 abesse
556 3026 632 3099 quod
654 3025 738 3081 multi
759 3024 858 3079 hubent
879 3041 906 3078 et
928 3026 983 3098 ipse
1004 3040 1116 3098 quoque

116 3106 231 3162 Turio:
259 3110 344 3169 noris,
363 3128 415 3183 pro
437 3110 537 3170 modis,
559 3112 702 3181 mirorque
722 3110 797 3166 Voss.
821 3124 848 3163 a.
874 3111 1024 3163 memorari
1044 3110 1116 3165 inter

116 3206 171 3251 eor,
189 3191 241 3263 qui
257 3191 323 3244 dent
336 3198 405 3247 notis
421 3212 482 3245 cum
499 3195 583 3246 Goth.
599 3194 734 3266 praeferat
749 3195 842 3247 arrodit.
886 3192 960 3246 lllud
984 3198 1116 3250 Burman·

116 3292 170 3328 uuo
184 3274 269 3328 refert
282 3275 315 3327 ad
330 3275 500 3330 scribendum
517 3297 562 3336 ea,
585 3295 655 3350 quae
668 3275 737 3329 elius
752 3289 854 3333 cantet,
877 3272 996 3338 catttieti
1017 3294 1117 3332 vereor

118 3358 336 3432 utuutiquitetlt
349 3361 412 3412 usne
426 3361 556 3433 patiatur.
611 3367 615 3376 ’
717 3358 920 3433 suppeditabat.
944 3359 1116 3430 Goth-(tue.

116 3444 219 3516 Gen.)
230 3442 434 3519 suppeditabit,
457 3463 520 3496 cum
537 3444 611 3500 Vols.
628 3458 655 3497 2.
670 3457 698 3498 et
712 3443 754 3498 ed.
769 3441 873 3509 Andr..
897 3441 977 3498 mele.

116 3593 185 3668 qnid
203 3593 360 3671 excogitat,
374 3594 510 3669 fatigatio
526 3599 594 3667 ejus,
636 3593 783 3670 cijiuorum,
798 3595 857 3649 vit.
874 3612 934 3650 not.
950 3598 1038 3669 Crit.)
1053 3615 1117 3672 pro·

117 3678 172 3753 qul.
192 3679 300 3731 nonnisi
323 3678 449 3732 mundata
478 3681 595 3758 peragit,
636 3679 730 3753 primu
753 3680 803 3733 elle
823 3698 954 3756 agrorum
973 3683 1118 3739 dimetien-

118 3765 174 3817 fire
187 3779 303 3835 corpore
320 3766 375 3816 live
388 3779 488 3816 mente.
636 3763 747 3817 dorum.
769 3766 828 3816 vid.
840 3766 949 3818 lexicu.

159 3846 233 3902 velut
242 3843 392 3919 subseciva.
417 3848 507 3908 Velut,
522 3865 597 3901 eom·
676 3848 828 3902 ntodntatm·
842 3877 884 3892 ··-
897 3853 1025 3922 excipiat.
1053 3850 1073 3903 i.
1088 3868 1112 3903 e.

117 3929 267 4006 pmtion'u
284 3928 384 3990 iudex,
406 3930 499 3985 locum
516 3932 602 3994 snum
636 3949 725 4003 neque
746 3931 805 4004 ipse
823 3949 916 3992 canat,
939 3952 1029 4006 neque
1048 3933 1115 3986 ulio·

118 4014 187 4069 bene
217 4026 328 4073 tuetur,
362 4015 383 4068 fi
417 4015 596 4069 meminimus
636 4033 699 4068 rum
722 4033 831 4069 cantum
854 4016 956 4073 fidibus
972 4019 1116 4093 prosequu-

117 4113 220 4153 nomeu
234 4092 434 4173 subsecivorum
450 4098 519 4171 (vel
534 4096 597 4177 sue·
636 4112 691 4153 tur.
713 4099 757 4155 sed
771 4101 831 4157 vid.
845 4117 903 4157 not.
917 4102 990 4159 crit.
