2596 4710
233 345 356 415 mar.
384 346 593 439 oniron.
625 346 718 415 cm.
743 344 816 430 111,
844 343 878 413 e.
981 354 1055 435 tua

55 532 221 623 aoeies,
273 532 385 633 quod
413 531 469 609 est
496 528 755 643 Compofitum
780 526 859 646 'effe
890 533 1057 630 quodam

56 652 187 738 modo,
224 665 269 724 ut
287 645 443 759 sedere,
466 644 599 755 stare,
628 649 772 748 jacere.
826 647 903 723 Sed
926 673 974 722 ex
994 648 1057 725 liis

118 875 279 934 Kerasai.
322 880 368 934 Sic
390 878 483 935 Guell'.
506 894 534 935 et
556 879 662 943 Codd..
703 894 737 934 ut
758 877 906 939 videntur.
949 848 1059 953 'praem

56 964 142 1021 Goth.
165 980 193 1018 et
218 964 289 1022 Voll.
313 977 347 1024 2,
369 984 474 1018 omnen.
538 965 563 1018 Ii
586 964 749 1019 crimmum
770 964 831 1018 edd.
854 963 962 1037 aliquot
983 978 1057 1017 vett.

55 1045 222 1118 euraclo-lar.
285 1050 370 1102 Tarv.
395 1044 541 1118 ἐγκεῖσθαι.
608 1050 677 1105 Loc.
701 1048 800 1107 Vener.
837 1052 952 1117 (contra
974 1064 1059 1120 quam

55 1149 148 1187 narrat
168 1131 265 1198 Gibl.)
288 1132 367 1187 llulc.
389 1130 561 1202 συγχεῖσθαι.
605 1136 676 1188 Sunt
698 1133 769 1187 meri
791 1150 916 1192 errores,
944 1145 972 1185 et
993 1130 1059 1186 Ald.

55 1216 163 1273 vindex
182 1214 231 1273 rai
245 1213 366 1278 refe-lat,
387 1220 462 1290 quod
478 1219 514 1273 est
531 1216 786 1292 apudilristotelem
799 1218 892 1292 ipsum
907 1231 935 1270 et
950 1216 979 1270 in
996 1215 1058 1268 c'dd.

38 1306 110 1376 ‚Qu
127 1301 296 1356 aBasrleeusr
310 1301 449 1357 omnibus.
493 1301 527 1357 cf.
543 1316 571 1356 et
586 1304 658 1356 Mar.
668 1302 806 1358 Victoria.
822 1300 856 1355 ad
873 1301 931 1357 cic.
949 1301 982 1353 de
997 1304 1059 1352 luv.

56 1385 132 1461 apud
157 1385 304 1441 Pithocum
329 1406 356 1460 p.
383 1406 451 1460 ²⁰9·
636 1384 733 1462 sedere
755 1416 797 1429 -
820 1388 920 1455 jacere.
966 1383 1059 1439 Guell.

55 1472 143 1526 calere
157 1466 253 1545 facere
271 1468 346 1545 flare
369 1470 448 1544 irasci
471 1489 535 1525 cum
558 1469 617 1525 Bal.
639 1474 734 1524 loann.
757 1470 834 1527 Voff.
861 1489 886 1522 ι.
911 1483 939 1537 3.
984 1467 1059 1521 Alm.

56 1555 152 1610 Turio.
175 1556 245 1627 (qui
257 1576 272 1607 a
288 1555 401 1608 socianda
415 1574 501 1609 manu
515 1553 581 1609 haec
595 1554 693 1609 habet:
715 1553 862 1630 calefacere
873 1557 973 1623 jacere,
989 1552 1061 1627 quod

56 1659 126 1694 nanc
135 1636 221 1713 fitam
241 1641 370 1706 dicimus)
391 1654 419 1694 et
441 1639 484 1693 ed.
502 1640 589 1694 Andr.
612 1639 698 1695 Goth.
721 1638 868 1711 calefacere
884 1636 960 1713 Jlare
983 1634 1061 1710 irasci

56 1741 120 1777 cum
137 1722 211 1779 Vols.
228 1738 256 1777 2.
277 1736 307 1777 et
321 1723 384 1778 edd.
408 1725 478 1778 nteit
501 1739 563 1777 aute
585 1722 664 1777 Balil.
682 1722 831 1783 omnibus,
855 1722 971 1794 adquae
987 1739 1072 1775 acco·

55 1806 127 1860 dunt
142 1806 250 1880 aliquot
266 1828 281 1859 a
296 1810 456 1864 Burmanuo
470 1823 655 1868 memoratae.
682 1825 740 1861 nou
754 1807 915 1882 posteriores
929 1805 992 1861 illae
1008 1808 1059 1861 Ba-

54 1890 166 1946 stleenlr.
209 1890 312 1945 Eadem
334 1889 421 1945 verba
440 1893 471 1945 in
493 1893 617 1968 margine
637 1891 730 1947 [altem
753 1891 855 1946 liabent
878 1909 975 1945 omnet
995 1903 1059 1943 ante

54 1974 236 2035 Leidensem,
265 1992 335 2046 quae
356 1966 525 2048 praepollere
545 1975 627 2047 ponit
650 1994 680 2028 ea
701 1975 731 2026 iu
753 1990 835 2034 nota,
863 1972 942 2027 nullo
965 1973 1059 2028 addito

56 2073 178 2115 auctore.
220 2056 302 2112 Bodl.
312 2058 397 2113 calere
409 2056 483 2131 liare
497 2056 582 2132 irasci.
626 2062 707 2111 Beru.
718 2057 864 2130 calefacere
872 2055 949 2131 stare
959 2060 1058 2127 jacere.
1147 2076 1152 2089 ¹

57 2142 144 2200 Viden
168 2140 268 2195 miram
289 2155 317 2195 et
340 2141 483 2195 infensum
507 2143 610 2196 erroris
631 2142 821 2215 pertinaciam.
872 2140 954 2215 Quod
972 2141 1063 2219 igitur

57 2240 201 2300 receptum
220 2226 272 2287 cll,
293 2224 347 2280 [ola
363 2226 548 2281 recentiorum
563 2227 665 2279 nititur
678 2226 856 2279 correctione.
899 2224 932 2278 ld
947 2225 1062 2298 quidem

58 2323 172 2385 apparet
194 2308 280 2363 altera
303 2310 349 2363 isra
371 2309 525 2367 'l'uriceusu
546 2311 680 2385 scriptura
705 2316 719 2380 (
729 2310 779 2364 nili
799 2308 881 2364 valde
903 2308 939 2363 cll
958 2327 1061 2369 recens.

57 2394 136 2469 quod
159 2411 217 2447 non
237 2394 362 2463 doceor)
382 2410 493 2451 mature
510 2394 615 2450 sedulas
628 2394 708 2449 luille
722 2413 821 2449 manue
836 2392 1016 2472 glollatorum
1030 2393 1063 2447 ia
1100 2414 1104 2421 ¹

57 2474 130 2534 liilce
145 2477 313 2533 scholasticis.
357 2480 505 2556 originem
521 2480 623 2534 erroris
637 2481 689 2532 vix
706 2481 783 2555 spero
804 2497 962 2552 quenquam
985 2493 1062 2532 certo

58 2562 319 2617 demotdlraturum.
360 2566 436 2620 Nam
456 2562 533 2639 quod
548 2566 634 2618 celere
651 2579 744 2618 ortum
766 2562 914 2635 aliquando
930 2562 1061 2636 putabam

59 2666 96 2701 ex
109 2645 180 2702 male
193 2646 333 2702 intellecta
355 2662 421 2703 nota
437 2647 585 2731 marginali
606 2650 681 2719 ejus,
710 2649 761 2721 qui
782 2646 943 2721 exemplum
965 2646 1062 2720 proxi·

58 2748 139 2785 mum
152 2728 276 2806 vestitum
297 2730 350 2808 effe
372 2731 486 2805 prelliue
510 2752 545 2786 ex
564 2723 734 2788 dediderim
755 2730 908 2788 Aristotelia
931 2730 1063 2784 voluillet

58 2814 139 2869 reddi
154 2814 258 2868 verbo:
280 2816 402 2876 calceari,
423 2815 521 2887 idjam
536 2834 571 2869 ue
587 2817 659 2870 milri
672 2817 786 2889 quidem
801 2817 863 2871 latia
875 2815 972 2888 placet.
1009 2814 1062 2869 Sed
1086 2856 1089 2861 -

58 2896 219 2973 scrupulum
241 2899 337 2953 restare
357 2915 427 2973 puto
449 2900 478 2951 in
497 2901 553 2974 ipsa
567 2920 598 2953 ee
613 2918 698 2961 voce,
727 2918 799 2973 quae
812 2902 930 2955 minime
946 2900 1063 2954 videtur

58 2998 204 3057 eorrupte:
228 2981 311 3059 stare.
357 2987 447 3056 Quare
467 2984 541 3037 enim
565 2982 612 3039 hic
627 2982 797 3058 potillrmum
818 2983 932 3037 tertium
948 2982 1063 3056 aliquod

58 3066 220 3140 exemplum
243 3071 297 3140 Qu.
321 3068 450 3139 adjecerit
470 3066 580 3123 duobut
603 3068 659 3122 iliis
680 3067 851 3126 Aristotelia,
879 3067 952 3141 apud
975 3086 1060 3139 quent

57 3150 194 3229 legimur:
216 3152 229 3221 (
238 3172 264 3226 p.
282 3152 364 3207 Bulrl.
380 3155 472 3225 449.)
494 3149 599 3207 aeia-lar
615 3144 658 3221 li,
679 3146 728 3206 aler
743 3145 891 3221 airolaerraa,
914 3138 1061 3215 adiurati?

57 3240 125 3310 (pro
139 3235 242 3308 quibua
265 3252 355 3292 tranen
378 3237 451 3310 apud
471 3238 560 3312 iplurn
577 3237 749 3292 Aristotelem
767 3236 862 3291 malim
878 3237 1058 3308 inlinitivoe).

57 3324 102 3375 Ex
112 3323 202 3389 jacere
218 3338 325 3394 poterat
341 3323 402 3376 lieri
417 3323 519 3385 calere,·
549 3341 582 3373 au
598 3342 634 3375 ex
645 3322 740 3396 sedere
757 3323 824 3376 item
840 3319 936 3393 liure!
963 3322 1060 3375 Facere

56 3406 141 3461 etiam
156 3404 264 3459 facilius
279 3405 428 3482 occupabat
441 3404 534 3461 locum
551 3404 599 3459 acii
609 3410 700 3474 jam-re
721 3407 770 3475 (cl.
788 3403 929 3460 Drakenb.
945 3410 980 3457 ad
992 3405 1060 3459 Liv.

10 3482 17 3509 '
56 3498 110 3563 41»
129 3499 159 3560 4»
182 3492 234 3557 2·).
279 3498 323 3546 An
337 3493 426 3570 igitur
438 3491 528 3562 juncti
538 3490 598 3545 uno
612 3510 729 3550 errores,
747 3490 876 3563 deincepa
888 3489 979 3563 posui,
996 3507 1060 3541 cum

56 3575 167 3628 raonnili
182 3593 269 3628 unum
288 3573 399 3633 deberet
412 3576 495 3631 scribi
506 3574 693 3634 vocabulum,
717 3591 748 3629 ut
761 3575 797 3629 est
811 3574 841 3627 in
856 3568 937 3629 Boall.
946 3572 961 3626 ¹?
986 3572 1060 3645 Quid

57 3674 150 3712 atatem
174 3658 277 3732 irasci?
318 3658 436 3717 Nullam
459 3659 598 3715 medelam
621 3675 735 3733 exputo.
778 3661 823 3713 An
839 3659 910 3713 mele
928 3659 1061 3731 repetitae

56 3742 153 3797 literae
176 3763 209 3797 ex
225 3743 343 3798 vocibus
358 3744 435 3820 flare
449 3760 477 3800 et
491 3741 544 3820 sed
557 3746 631 3798 inter
646 3764 712 3817 quas
729 3744 764 3798 est
777 3742 918 3817 positum?
947 3747 991 3795 An
1014 3740 1061 3793 nli·

57 3826 128 3900 quid
141 3826 252 3881 allituni
269 3828 300 3881 ad
319 3831 571 3901 praedicamentum
584 3833 644 3902 pati
652 3836 667 3882 7
687 3829 806 3901 quaeest
822 3826 934 3884 Gesneri
950 3841 978 3879 et
993 3845 1061 3897 quo·

57 3912 208 3967 dammodo
222 3912 367 3969 Mosellani
383 3915 505 3987 sulpicio,
549 3913 630 3986 Quod
648 3929 739 3969 autem
761 3912 808 3967 hie
825 3912 865 3966 ait
884 3912 916 3965 in
931 3911 1062 3967 Atilloae·
1116 3936 1119 3941 ·

58 3996 95 4050 lit
118 3998 255 4077 categoria
275 4002 355 4052 πιιιῖι
377 3997 538 4073 exemplum
562 3998 614 4053 elle
635 3996 782 4073 calefacere
802 3994 917 4052 mirillee
933 4008 1020 4056 errat,
1043 3997 1061 4047 Ιί

99 4196 195 4273 sedere
210 4226 250 4241 -
261 4202 358 4268 jacere.
400 4198 459 4253 vid.
476 4213 534 4252 not.
553 4198 622 4255 Crir.
