2750 4800
338 411 341 420 a
433 359 773 434 PRAEFATIO.
999 385 1103 436 xxxv

97 549 209 640 nale,
239 543 354 622 licuti
375 547 585 625 altoreille
606 549 756 628 Paridis
777 547 1005 642 histrionis,
1035 555 1103 631 cui

98 685 264 784 Agauen
287 679 397 758 suam
424 687 577 784 aliaque
602 693 783 786 poemata
803 685 997 762 venderet
1023 691 1105 764 Sta·
1160 775 1166 788 .

98 819 207 895 tius?
246 815 364 918 (Juv.
388 841 433 912 7,
465 839 517 911 87
541 817 672 918 seqq.)
729 821 831 898 Nam
855 819 987 922 ipsum
1013 827 1104 923 qui.

97 953 193 1029 dem
223 923 448 1028 Domitiani
477 951 660 1026 Paridem
690 953 885 1054 delignari
913 983 998 1032 non
1030 983 1104 1058 po-

97 1082 213 1164 tuille
240 1088 498 1162 aSatirarum
528 1081 740 1186 scriptore,
782 1082 932 1161 affatim
959 1090 1102 1188 proba-

97 1239 189 1299 tum
210 1219 265 1296 est
282 1245 304 1293 a
322 1217 504 1317 Salmafio
528 1223 553 1294 l
576 1245 607 1294 c.
637 1245 660 1295 e
680 1220 837 1297 vetusto
858 1223 963 1296 vitae
985 1227 1103 1305 Juve-

96 1359 199 1435 nalis
220 1371 397 1444 auctore,
424 1379 549 1456 quem
563 1351 653 1431 satis
667 1357 1104 1458 probabilitenoonjicit

96 1495 169 1568 ille
184 1493 421 1566 Suetonium
439 1485 523 1564 effe.
583 1493 659 1579 Ita,
688 1488 788 1568 dum
807 1492 1105 1593 Quintilianum
1123 1482 1128 1490 ¹

97 1628 285 1727 appellat,
313 1626 439 1700 alium
460 1623 880 1724 istorum'temporum
901 1625 1103 1704 rhetorem

95 1759 331 1863 significavit
340 1762 552 1850 luvenalis,
584 1761 632 1834 ab
647 1761 875 1862 aequalibus
890 1759 1103 1860 agnoscen.
1245 1855 1254 1866 1

95 1896 198 1974 dum
211 1921 307 1974 eum
323 1921 408 1970 non
423 1899 571 1986 minus,
601 1921 723 1996 quam
735 1895 853 1970 illum
870 1894 943 1972 sub
959 1900 1101 1975 Paride

93 2027 312 2132 figuratum
325 2029 570 2107 histrionem.
621 2035 673 2106 Et
688 2045 769 2104 erat
783 2027 937 2107 fortalle
951 2035 984 2108 is
1000 2041 1103 2130 ejus·

93 2166 231 2254 modi,
263 2181 329 2256 ut,
362 2167 409 2240 in
435 2163 516 2266 ipsa
541 2164 710 2240 laudum
732 2162 1001 2256 famulatione,
1040 2169 1102 2244 di·

94 2305 228 2378 oteriis
250 2301 333 2402 peti
353 2317 583 2380 mereretur.
639 2303 681 2376 Si
703 2315 808 2374 recte
826 2300 954 2399 igitur
973 2306 1101 2410 Quin·

91 2439 282 2513 tilianum
299 2433 482 2511 nostrum
502 2437 749 2513 removimus
773 2461 822 2509 ex
840 2435 913 2510 hac
928 2441 1099 2520 Juvena-

89 2575 141 2651 lis
159 2571 297 2659 satira,
323 2569 480 2648 nonest
503 2570 616 2672 quod
631 2595 842 2648 vereamur
863 2595 917 2646 ne
936 2591 1100 2673 propter

87 2707 320 2786 Ausonium
337 2704 381 2782 fit
397 2707 447 2781 ad
463 2707 654 2782 Hadriani
667 2721 847 2806 tempora
862 2731 990 2806 usque
1005 2731 1098 2806 pro-

89 2843 385 2944 rogandaejus
414 2846 503 2916 vita.
579 2847 636 2918 Ea
667 2844 776 2916 enim
804 2839 1025 2916 Dodwelli·
1042 2833 1123 2917 est¹

89 2978 305 3064 sententia,
343 2979 417 3076 qui
443 2961 672 3059 Consulatu
695 2975 766 3052 ista
798 2993 1028 3052 ornamenta
1049 2978 1097 3052 ab

89 3112 297 3190 Hadriano
326 3113 374 3186 in
406 3135 502 3186 eum
538 3113 677 3188 collata
714 3110 844 3186 censet
876 3111 1097 3213 propterea

89 3248 205 3350 quod
220 3243 422 3324 Ausonius
437 3244 873 3348 fignificetAugustum‚
901 3270 985 3321 non
1000 3249 1097 3322 Cae·

89 3381 209 3474 sares,
263 3385 400 3483 quales
427 3381 578 3458 fuerint
597 3381 662 3456 isti
689 3384 905 3458 Clementis
929 3377 1026 3484 lilii,⁸
1072 3405 1094 3456 a

90 3519 345 3621 Quintiliano
371 3515 609 3592 institutum.
665 3515 884 3590 Rectillrme
901 3513 1002 3590 hanc
1018 3514 1094 3590 du-

90 3649 325 3731 bitationem
365 3651 487 3727 diluit
532 3649 726 3726 Gel'nerus
765 3653 808 3728 in
850 3647 1094 3752 praefatione

90 3789 124 3882 §.
156 3811 217 3860 11.
250 3785 483 3878 ostendenS,
524 3791 710 3864 Senecam
731 3804 770 3862 et
797 3787 1094 3895 Quintilianum

88 3919 224 3996 secum
249 3925 534 4023 comparandos
558 3949 701 4024 negare
721 3924 966 4012 Ausonium,
993 3949 1094 4024 quo·

89 4081 184 4134 rum
215 4055 314 4131 alter
348 4058 575 4160 Augustum
604 4059 769 4162 quidem
806 4059 991 4136 docuerit
1024 4055 1093 4132 sed

666 4217 733 4270 co
826 4265 831 4270 .
