2596 4710
298 330 420 416 rusu
446 302 653 407 ouuroii
679 336 907 421 nru.11,5.
1028 354 1104 429 Ι993

33 522 282 615 ⁸51nousu0
307 523 441 597 colore
462 521 618 610 nitidis,
643 522 735 621 plus
759 518 831 596 else
855 518 1007 598 formae
1028 550 1106 625 pu·

99 657 201 727 tunt,
231 664 350 737 quatu
375 636 484 736 poffit
506 639 679 712 tribuere
697 640 926 737 incorrupta
945 656 1101 717 natura:

98 768 144 832 ut
175 753 436 855 pulchritudo
468 756 645 852 corporis
679 755 816 827 venire
846 753 1028 830 videatur
1055 780 1104 831 ex

97 872 211 947 malis
226 869 417 945 moribus.
474 871 561 942 Nec
580 867 711 942 solunt
730 868 825 942 haec
842 866 923 967 ipse
943 868 1104 946 debebit

98 984 241 1060 docere
256 999 504 1084 praeceptor,
522 981 589 1055 sed
602 980 832 1082 frequenter
847 984 1102 1084 interrogare,

97 1116 137 1174 et
159 1099 357 1192 iudicium
382 1096 672 1196 discipulorum
697 1100 877 1197 experiri.
938 1102 1001 1175 Sic
1029 1120 1145 1177 ctu-¹6

96 1214 299 1289 clientibus
325 1211 506 1287 securitas
534 1214 674 1300 aberit,
710 1239 802 1301 nec,
834 1239 935 1312 quae
963 1215 1097 1289 diceu-

95 1346 182 1418 tur,
210 1325 456 1428 superfluent
474 1353 606 1403 aures:
640 1326 838 1425 simulque
864 1329 913 1403 ad
940 1330 983 1404 id
1008 1355 1097 1428 per·

95 1443 314 1531 ducentur,
344 1442 457 1542 quod
480 1468 528 1516 ex
554 1445 631 1518 hoc
655 1446 879 1545 quaeritur,
910 1461 955 1518 ut
984 1447 1096 1520 inve·

94 1561 206 1635 uiant
231 1557 324 1659 ipss,
355 1575 394 1631 et
422 1559 655 1657 intelligant.
717 1562 823 1633 Nutu
855 1556 954 1657 quid
985 1558 1095 1633 aliud
1153 1612 1157 1619 -

92 1677 246 1773 agimus
262 1672 443 1751 docendo
460 1699 545 1760 eos,
575 1700 694 1771 quam
708 1698 760 1749 ne
777 1672 929 1772 semper
950 1674 1095 1749 docen-

92 1789 136 1863 di
156 1788 256 1865 siut?
314 1794 400 1865 Hoc
424 1787 651 1884 diligentiae
677 1814 801 1885 genus
823 1785 942 1862 austu]
962 1788 1143 1865 dicere¹4

91 1905 185 2003 plus
220 1905 458 1980 collaturum
494 1901 752 1990 discentibus,
796 1928 916 2001 quam
955 1928 1092 1981 ornnes
1188 1886 1193 1905 ¹

92 2020 278 2093 omniunt
300 2034 416 2104 arteS,
454 2042 555 2116 quae
579 2024 717 2109 juvant
740 2015 818 2089 stuc
836 2016 962 2093 dubio
987 2019 1094 2092 rnul-

90 2150 199 2207 tum:
243 2131 328 2220 sed,
359 2135 499 2209 latiore
529 2132 699 2231 quadam
728 2130 1091 2230 conlpreltenfione,

89 2275 161 2347 per
191 2274 327 2322 omnes
362 2248 526 2346 quidem
561 2247 705 2347 species
744 2274 878 2322 rerum
909 2247 1091 2345 quotidie

88 2388 212 2463 paene
239 2360 480 2438 nascentium
502 2366 558 2437 ire
577 2366 648 2462 qui
667 2360 852 2462 polluut'?
910 2364 1019 2438 Sicut
1040 2362 1089 2437 de
1102 2378 1137 2436 ¹5

89 2504 133 2554 re
164 2479 330 2552 militari
357 2477 707 2581 quanquam-suut
731 2478 872 2551 tradita
896 2478 1092 2576 quaedam

92 2608 293 2692 praecepta
320 2595 566 2680 communia,
596 2595 718 2691 magis
750 2609 880 2665 tarncn
912 2592 1091 2692 proderit

91 2704 207 2795 scire,
233 2732 311 2806 qua
337 2705 487 2782 ducum
511 2710 682 2806 quisque
708 2712 884 2793 ratione,
912 2710 956 2781 iu
981 2708 1090 2806 quali

89 2821 201 2909 loco,
225 2838 422 2921 tempore,
449 2820 493 2894 fit
509 2821 599 2897 usus
617 2822 828 2923 supienter,
853 2838 923 2897 aut
942 2839 1088 2898 contra.

88 2936 194 3013 Nam
208 2938 252 3012 iu
271 2937 459 3013 omnibus
477 2934 560 3013 fere
572 2939 708 3019 minus
723 2939 856 3013 valent
875 2953 1090 3039 praecepta,

150 3198 230 3251 malit
251 3198 374 3251 moribus.
418 3195 510 3251 Guelf.
536 3197 614 3250 malit
634 3215 734 3249 morum
758 3214 821 3248 cnm
844 3198 938 3249 Iounn.
957 3196 1089 3268 [criptura

87 3299 146 3335 nou
167 3282 249 3353 planu
271 3278 433 3353 spernenda.
455 3280 588 3351 quoniam
608 3280 676 3335 inest
697 3281 787 3351 major
809 3280 993 3339 concinnitas,
1022 3280 1090 3335 rele-

85 3364 175 3419 tendo
191 3362 225 3416 :ul
240 3364 412 3437 pulchritudo
427 3369 552 3437 corporis.
713 3362 891 3441 superfluent.
924 3362 1017 3417 Gttell.
1031 3386 1090 3436 per·

79 3449 173 3523 fluent
194 3466 258 3501 cum
280 3447 378 3501 multis
399 3446 461 3503 edd.
521 3445 572 3501 Sed
601 3462 709 3519 recepta
735 3447 872 3519 plurimos
895 3448 984 3502 codd.
1008 3448 1090 3501 lubet

87 3546 223 3586 stratores.
266 3534 337 3585 Puto
360 3546 450 3585 tantcn
473 3530 623 3602 perficiendi
644 3531 763 3584 verlunu
786 3529 854 3582 benc
871 3533 947 3603 polle
964 3532 1090 3606 usurpari

86 3616 121 3671 (le
135 3614 255 3689 liquore,
270 3615 345 3687 quin
360 3616 430 3674 van.
452 3617 496 3667 cui
515 3614 681 3671 infunditur,
696 3634 751 3666 unu
767 3615 927 3670 retineatur.
956 3614 985 3669 Si
994 3615 1091 3692 super·

81 3700 163 3775 fluit,
184 3718 219 3753 ne
233 3703 319 3753 intrat
336 3700 467 3773 quidem
489 3714 517 3753 et
533 3714 629 3773 aptum
645 3699 680 3753 cl't
694 3698 756 3752 loco
773 3700 866 3755 noluo
881 3699 934 3755 hou
951 3719 1072 3774 quoque.

90 3980 95 3993 Ι
125 3918 305 3995 superfluent.
326 3917 386 3971 vid.
402 3933 461 3970 not.
478 3916 547 3973 crit.
653 3920 749 3974 latiore
779 3949 820 3961 -
852 3920 1090 3997 conrprelteujione.

128 4020 209 4059 artur.
251 4001 404 4057 llcctillituc
435 4006 569 4057 (ict'uerus
612 4002 836 4075 qnunitntlutiut
852 4006 1090 4079 cumpreherulnnt

86 4088 187 4161 accipit
212 4087 246 4140 de
270 4087 348 4149 libris
371 4088 409 4141 ita
424 4088 570 4163 inscriptis,
611 4090 755 4143 nuteriam
780 4090 916 4151 orituris,
946 4110 1035 4165 neque
1059 4087 1091 4143 td

87 4172 148 4227 vid.
168 4191 180 4225 t
199 4176 328 4227 Proocm.
345 4182 394 4245 24.
586 4214 589 4219 -
612 4170 718 4253 lingula
732 4170 905 4231 doltettduut.
