2596 4710
299 310 420 379 mss.
448 309 656 380 ommis.
689 309 779 377 nto.
806 310 862 394 n,
889 321 925 399 4.
1039 329 1114 403 ²79

106 497 269 573 laudare
284 496 408 572 claros
425 499 552 586 viros,
583 514 621 571 et
638 499 863 598 vituperare
884 498 1112 598 improbos:

106 614 219 712 quod
241 640 323 688 non
345 609 527 713 simplicis
545 615 723 689 utilitatis
742 640 843 712 opus
860 613 923 687 est.
984 618 1110 689 Nam-

106 754 187 826 que
202 745 240 802 et
255 729 462 827 ingenium
478 745 677 804 exercetur
690 730 906 828 multiplici
919 754 1108 827 variaque
1175 778 1179 799 .

106 847 286 930 materia,
315 860 353 917 et
374 845 527 918 animus
546 846 878 943 contemplatione
899 847 993 919 recti
1018 869 1106 942 pra·

108 961 230 1057 vique
247 957 460 1047 formatur,
479 976 518 1032 et
532 961 656 1034 multa
669 960 763 1033 inde
778 961 953 1058 cognitio
969 970 1104 1035 rerunl

109 1077 236 1149 venit:
259 1075 538 1173 exemplisque,
558 1100 656 1172 quae
671 1073 762 1150 lunt
777 1077 944 1151 inomni
960 1099 1104 1173 genere

40 1189 310 1277 :aemularum
339 1189 612 1287 potentillima,
648 1196 725 1281 iarn
754 1207 836 1269 tum
873 1188 1102 1280 instruitur&

106 1333 197 1379 cum
225 1332 286 1379 res
316 1304 473 1403 pol'eet,
503 1304 656 1380 usurus.
716 1309 819 1380 llinc
846 1305 914 1378 illa
937 1330 1148 1404 quoquere

104 1423 325 1495 exercitatio
363 1420 467 1494 l'ubit
498 1425 809 1518 conmutationis,
844 1438 930 1494 nter
958 1420 1103 1511 melior,
1184 1502 1188 1511 ,

100 1553 238 1611 uter-ve
263 1538 455 1610 deterior?
489 1562 589 1634 quae
610 1561 836 1635 quanquam
860 1533 1033 1611 versatur
1056 1537 1101 1611 in

99 1654 252 1727 ratione
281 1649 413 1739 simili,
442 1667 591 1739 tannen,
620 1667 659 1724 et
683 1651 859 1751 duplicat
884 1653 1103 1740 materiam,
1158 1740 1160 1745 Ι

97 1783 139 1840 et
164 1769 360 1841 virtutum
387 1767 661 1864 vitiorumque
687 1792 772 1843 non
799 1782 952 1840 tantum
980 1783 1100 1840 natu·

97 1908 201 1968 rani,
231 1879 298 1955 led
327 1884 443 1953 etiam
471 1883 640 1957 modum
670 1868 813 1955 tractat.
871 1884 1017 1956 Verum
1045 1872 1105 1954 dox

97 1994 240 2072 ordine
254 1995 394 2083 laudis,
420 2014 644 2094 contraque,
669 2000 858 2094 quoniam
874 1998 987 2070 tertia
1001 1997 1098 2070 haec

96 2113 312 2186 rhetorices
328 2138 412 2211 pars
427 2109 499 2199 est,
519 2113 804 2210 praecipiemus
818 2109 890 2187 suo
904 2116 1093 2209 tempore.

98 2229 323 2301 Communes
343 2227 415 2301 loci
436 2227 509 2322 (de
537 2229 586 2302 iis
611 2229 778 2326 loquor,
804 2225 970 2327 quibus,
998 2227 1141 2304 citreae

137 2459 251 2512 laudare
268 2489 305 2503 -
321 2465 481 2534 vituperare.
504 2460 575 2517 Sunt
661 2464 883 2519 Continenesloci.
903 2465 1096 2539 Hermogene·

91 2542 192 2596 itidem
209 2544 377 2598 thecorum
398 2549 574 2624 progymnas·
616 2551 699 2603 Ilcer.
721 2568 748 2621 p.
769 2547 814 2601 16.
838 2551 897 2615 (St.
921 2550 974 2615 8.).
1018 2549 1094 2600 lutet

92 2643 176 2680 mata.
198 2630 382 2708 Hermogenis
399 2632 471 2705 apud
491 2636 572 2685 lleer.
616 2632 828 2685 exercitamenta
845 2632 989 2684 rltetornm
1000 2646 1094 2684 autem

91 2732 121 2785 p.
142 2725 169 2776 3.
187 2712 279 2778 (llibl.
296 2715 322 2766 d.
339 2713 385 2767 alt.
402 2717 458 2769 lit.
475 2719 512 2769 St.
530 2720 573 2789 9.)
615 2717 636 2769 ii
658 2716 709 2769 soli
730 2714 929 2793 intelliguntur
953 2715 1004 2768 loci
1026 2733 1093 2768 com·

90 2790 237 2863 ἰγκόμιον,
259 2799 304 2850 cni
321 2798 462 2869 [abjicitur
475 2796 573 2872 ψόγος,
615 2821 720 2860 munes,
741 2801 792 2873 qui
813 2801 950 2853 vitiorum
975 2813 1023 2850 aut
1037 2798 1095 2851 vir·

93 2883 201 2935 leorlim
217 2884 572 2956 tractatusnbrlplnlionio.
615 2900 707 2938 tutum
730 2884 831 2938 habent
854 2902 917 2939 cunt
946 2881 1094 2956 amplifica·

93 2969 163 3018 Sunt
178 2966 316 3034 ejtnmotli
332 2963 573 3036 ἰγκῶμιαεῑψόγοι
615 2970 691 3020 tione
716 2969 915 3021 incusationem
944 2982 993 3021 aut
1017 2985 1093 3021 com·
1158 2994 1163 3001 ·

94 3050 167 3102 iuter
183 3048 294 3103 Libanii
316 3071 407 3124 opera.
613 3052 834 3113 mendatiorum,
850 3050 982 3123 aquibus
998 3049 1094 3103 dillert

131 3135 241 3186 exercit.
257 3139 473 3207 comparationis.
502 3131 573 3203 Σύγ-
612 3136 688 3188 alind
712 3155 813 3213 genus,
843 3135 918 3206 quod
942 3135 970 3187 in
997 3149 1092 3187 tracta·

91 3235 171 3292 aptast
207 3220 341 3295 llermog.
380 3240 405 3293 p.
450 3240 494 3271 ro.
539 3222 569 3272 it.
614 3221 689 3273 tione
719 3219 888 3296 generalium
915 3216 1090 3289 quarundam

91 3298 236 3372 Aplnlton.
279 3306 371 3356 Etiam
387 3304 497 3358 Libanii
511 3323 570 3372 noy·
611 3302 798 3378 quaestionum
821 3304 960 3362 versatur,
982 3301 1091 3374 dequo

90 3382 183 3458 epium
197 3386 340 3458 supersunt
358 3405 388 3443 nt
406 3390 570 3464 Navigatio-
611 3407 678 3441 mox
694 3389 781 3442 noller
798 3387 821 3453 ᾗ.
840 3401 888 3450 27.
911 3386 946 3439 cf.
963 3400 990 3445 2,
1006 3406 1030 3445 ι.
1044 3403 1089 3440 ιι.

90 3470 132 3519 nis
148 3483 174 3520 et
193 3470 386 3545 agriculttuae,
408 3471 525 3527 Achillis
542 3488 569 3525 et
611 3474 709 3528 Cicero
731 3491 815 3544 nequo
838 3491 868 3523 ac
892 3474 946 3541 Qu.
971 3470 1091 3524 virtutes
1122 3460 1131 3477 '

88 3552 236 3607 Diomedis
252 3570 303 3606 cet.
610 3557 683 3608 inter
702 3557 774 3609 lotos
797 3575 943 3609 coarmantes
959 3572 1016 3607 non
1035 3572 1092 3608 me·

127 3639 208 3688 etium
219 3639 332 3691 trandum.
354 3638 514 3711 Mensorum
529 3640 570 3691 in-
610 3656 716 3697 morat,
738 3643 810 3712 quast
826 3641 854 3690 iu
872 3638 923 3692 [cle
939 3640 1008 3691 vitia
1023 3637 1090 3692 diri·

88 3716 182 3795 tellige
198 3723 312 3781 niodum,
329 3743 383 3774 non
401 3727 546 3776 tutionem.
611 3740 721 3801 gantur.
744 3726 776 3777 de
788 3728 866 3778 Orat.
885 3738 911 3788 3.
928 3737 975 3776 27.
998 3725 1089 3777 Etiam

129 3808 206 3859 tertia
243 3837 279 3847 -
316 3809 456 3861 rhetorices
494 3831 568 3879 pars,
611 3808 736 3882 exempla
752 3808 943 3886 Hermogenis,
963 3806 1091 3882 Aphtho-

86 3905 258 3961 quntenusea
275 3893 436 3943 continetur
452 3895 566 3944 tertium
611 3894 668 3951 nii.
698 3892 809 3946 Libanii
832 3894 894 3945 lunt
909 3889 1090 3967 incusationis.

86 3971 258 4042 eloquentiae
280 3995 382 4051 genua,
405 3976 568 4029 ilctnonl'nu·
611 3995 701 4050 neque
725 3978 753 4029 in
773 3975 902 4049 judiciale
917 3977 976 4030 lene
995 3992 1090 4055 genum

86 4056 190 4109 tivnat.
234 4061 369 4136 Praecipit
379 4075 472 4114 auteur
487 4061 520 4116 dc
534 4080 566 4116 ec
610 4061 688 4134 qnod
719 4062 749 4115 in
777 4062 923 4117 occulendo
947 4075 975 4115 et
997 4060 1091 4115 deten-

87 4138 108 4193 Ι·
128 4153 158 4208 8·
173 4159 196 4196 0·
213 4155 241 4207 7·
610 4145 703 4207 teuto
718 4146 857 4210 v'ecletus.
879 4145 952 4203 cedit
966 4144 1014 4201 illc
1032 4144 1091 4201 len·
