<?xml version="1.0" encoding="UTF-8"?>
<!DOCTYPE html PUBLIC "-//W3C//DTD XHTML 1.0 Transitional//EN"
    "http://www.w3.org/TR/xhtml1/DTD/xhtml1-transitional.dtd">
<html xmlns="http://www.w3.org/1999/xhtml" xml:lang="en" lang="en">
 <head>
  <title>
</title>
<meta http-equiv="Content-Type" content="text/html;charset=utf-8" />
  <meta name='ocr-system' content='tesseract 3.04.00' />
  <meta name='ocr-capabilities' content='ocr_page ocr_carea ocr_par ocr_line ocrx_word'/>
</head>
<body>
  <div class='ocr_page' id='page_1' title='image "./deinstitutioneo07quingoog_0056.png"; bbox 0 0 2750 4800; ppageno 0'>
   <div class='ocr_carea' id='block_1_1' title="bbox 418 332 1094 436">
    <p class='ocr_par' dir='ltr' id='par_1_1' title="bbox 418 332 1094 436">
     <span class='ocr_line' id='line_1_1' title="bbox 418 332 1094 436; baseline 0.003 -8"><span class='ocrx_word' id='word_1_1' title='bbox 418 345 758 430; x_wconf 73' lang='lat' dir='ltr'>enarrarre.</span> <span class='ocrx_word' id='word_1_2' title='bbox 978 332 1094 436; x_wconf 55' lang='lat' dir='ltr'>svn</span> 
     </span>
    </p>
   </div>
   <div class='ocr_carea' id='block_1_2' title="bbox 89 529 1101 1967">
    <p class='ocr_par' dir='ltr' id='par_1_2' title="bbox 150 529 1099 1048">
     <span class='ocr_line' id='line_1_2' title="bbox 152 529 1095 649; baseline 0.01 -32"><span class='ocrx_word' id='word_1_3' title='bbox 152 567 201 617; x_wconf 86' lang='lat' dir='ltr'>ex</span> <span class='ocrx_word' id='word_1_4' title='bbox 222 529 398 619; x_wconf 82' lang='lat' dir='ltr'><strong>editione</strong></span> <span class='ocrx_word' id='word_1_5' title='bbox 421 547 517 620; x_wconf 88' lang='lat' dir='ltr'>anni</span> <span class='ocrx_word' id='word_1_6' title='bbox 537 565 666 636; x_wconf 78' lang='lat'>1528,</span> <span class='ocrx_word' id='word_1_7' title='bbox 697 550 725 621; x_wconf 91' lang='lat'>1.</span> <span class='ocrx_word' id='word_1_8' title='bbox 743 531 834 620; x_wconf 87' lang='lat' dir='ltr'>Bad.</span> <span class='ocrx_word' id='word_1_9' title='bbox 851 541 934 621; x_wconf 85' lang='lat' dir='ltr'>Asc.</span> <span class='ocrx_word' id='word_1_10' title='bbox 951 544 1095 649; x_wconf 88' lang='lat' dir='ltr'>depro-</span> 
     </span>
     <span class='ocr_line' id='line_1_3' title="bbox 150 673 1095 782; baseline 0.005 -28"><span class='ocrx_word' id='word_1_11' title='bbox 150 703 280 766; x_wconf 80' lang='lat' dir='ltr'>mere3</span> <span class='ocrx_word' id='word_1_12' title='bbox 311 673 379 750; x_wconf 87' lang='lat' dir='ltr'>etsi</span> <span class='ocrx_word' id='word_1_13' title='bbox 399 704 452 752; x_wconf 90' lang='lat' dir='ltr'>ne</span> <span class='ocrx_word' id='word_1_14' title='bbox 466 679 568 754; x_wconf 88' lang='lat' dir='ltr'>hanc</span> <span class='ocrx_word' id='word_1_15' title='bbox 586 680 752 778; x_wconf 90' lang='lat' dir='ltr'>quidem</span> <span class='ocrx_word' id='word_1_16' title='bbox 770 704 793 752; x_wconf 87' lang='lat' dir='ltr'>a</span> <span class='ocrx_word' id='word_1_17' title='bbox 809 675 848 752; x_wconf 91' lang='lat' dir='ltr'>se</span> <span class='ocrx_word' id='word_1_18' title='bbox 865 677 1095 782; x_wconf 84' lang='lat' dir='ltr'>usurpatam</span> 
     </span>
     <span class='ocr_line' id='line_1_4' title="bbox 154 810 1097 916; baseline 0.006 -30"><span class='ocrx_word' id='word_1_19' title='bbox 154 810 326 888; x_wconf 84' lang='lat' dir='ltr'>testatur.</span> <span class='ocrx_word' id='word_1_20' title='bbox 394 810 478 912; x_wconf 90' lang='lat' dir='ltr'>Ipse</span> <span class='ocrx_word' id='word_1_21' title='bbox 504 830 636 890; x_wconf 87' lang='lat' dir='ltr'>autem</span> <span class='ocrx_word' id='word_1_22' title='bbox 657 819 701 894; x_wconf 92' lang='lat' dir='ltr'>in</span> <span class='ocrx_word' id='word_1_23' title='bbox 722 813 863 916; x_wconf 88' lang='lat' dir='ltr'>primis</span> <span class='ocrx_word' id='word_1_24' title='bbox 885 811 1097 916; x_wconf 75' lang='lat' dir='ltr'>diligenter</span> 
     </span>
     <span class='ocr_line' id='line_1_5' title="bbox 152 947 1099 1048; baseline 0.004 -28"><span class='ocrx_word' id='word_1_25' title='bbox 152 971 243 1020; x_wconf 90' lang='lat' dir='ltr'>eam</span> <span class='ocrx_word' id='word_1_26' title='bbox 266 947 438 1035; x_wconf 87' lang='lat' dir='ltr'>contuli,</span> <span class='ocrx_word' id='word_1_27' title='bbox 464 972 558 1023; x_wconf 89' lang='lat' dir='ltr'>cum</span> <span class='ocrx_word' id='word_1_28' title='bbox 579 964 619 1022; x_wconf 90' lang='lat' dir='ltr'>et</span> <span class='ocrx_word' id='word_1_29' title='bbox 642 948 834 1025; x_wconf 90' lang='lat' dir='ltr'>Codicem</span> <span class='ocrx_word' id='word_1_30' title='bbox 857 963 1025 1048; x_wconf 87' lang='lat' dir='ltr'>„quem“</span> <span class='ocrx_word' id='word_1_31' title='bbox 1051 959 1099 1030; x_wconf 87' lang='lat' dir='ltr'>ut</span> 
     </span>
    </p>

    <p class='ocr_par' dir='ltr' id='par_1_3' title="bbox 89 1063 1101 1967">
     <span class='ocr_line' id='line_1_6' title="bbox 89 1063 1100 1186; baseline 0.005 -33"><span class='ocrx_word' id='word_1_32' title='bbox 89 1063 93 1072; x_wconf 48' lang='lat'>¹</span> <span class='ocrx_word' id='word_1_33' title='bbox 151 1078 209 1153; x_wconf 87' lang='lat' dir='ltr'>est</span> <span class='ocrx_word' id='word_1_34' title='bbox 235 1081 280 1154; x_wconf 91' lang='lat' dir='ltr'>in</span> <span class='ocrx_word' id='word_1_35' title='bbox 306 1082 425 1156; x_wconf 87' lang='lat' dir='ltr'>titulo</span> <span class='ocrx_word' id='word_1_36' title='bbox 454 1083 718 1169; x_wconf 82' lang='lat' dir='ltr'><strong>„Laurentius</strong></span> <span class='ocrx_word' id='word_1_37' title='bbox 742 1080 928 1158; x_wconf 81' lang='lat' dir='ltr'>Vallensts</span> <span class='ocrx_word' id='word_1_38' title='bbox 948 1085 990 1157; x_wconf 47' lang='lat' dir='ltr'>*et</span> <span class='ocrx_word' id='word_1_39' title='bbox 1009 1083 1100 1186; x_wconf 84' lang='lat' dir='ltr'>pos·</span> 
     </span>
     <span class='ocr_line' id='line_1_7' title="bbox 156 1211 1101 1318; baseline 0.005 -30"><span class='ocrx_word' id='word_1_40' title='bbox 156 1211 314 1306; x_wconf 77' lang='lat' dir='ltr'>„sedisse</span> <span class='ocrx_word' id='word_1_41' title='bbox 347 1231 387 1289; x_wconf 89' lang='lat' dir='ltr'>et</span> <span class='ocrx_word' id='word_1_42' title='bbox 417 1213 636 1291; x_wconf 86' lang='lat' dir='ltr'>emendasse</span> <span class='ocrx_word' id='word_1_43' title='bbox 673 1219 826 1318; x_wconf 88' lang='lat' dir='ltr'>magnis</span> <span class='ocrx_word' id='word_1_44' title='bbox 860 1220 1101 1318; x_wconf 80' lang='lat' dir='ltr'><strong>argumentis</strong></span> 
     </span>
     <span class='ocr_line' id='line_1_8' title="bbox 153 1347 1100 1452; baseline 0.005 -30"><span class='ocrx_word' id='word_1_45' title='bbox 153 1351 457 1440; x_wconf 87' lang='lat' dir='ltr'>„convincitur“</span> <span class='ocrx_word' id='word_1_46' title='bbox 484 1347 788 1452; x_wconf 76' lang='lat' dir='ltr'>repraesentaret</span> <span class='ocrx_word' id='word_1_47' title='bbox 807 1348 908 1440; x_wconf 88' lang='lat' dir='ltr'>sola,</span> <span class='ocrx_word' id='word_1_48' title='bbox 935 1367 975 1425; x_wconf 90' lang='lat' dir='ltr'>et</span> <span class='ocrx_word' id='word_1_49' title='bbox 993 1352 1100 1427; x_wconf 84' lang='lat' dir='ltr'>mul-</span> 
     </span>
     <span class='ocr_line' id='line_1_9' title="bbox 147 1482 1100 1587; baseline 0.003 -27"><span class='ocrx_word' id='word_1_50' title='bbox 147 1500 205 1564; x_wconf 84' lang='lat' dir='ltr'>tas</span> <span class='ocrx_word' id='word_1_51' title='bbox 229 1482 475 1560; x_wconf 83' lang='lat' dir='ltr'>eruditissimi</span> <span class='ocrx_word' id='word_1_52' title='bbox 497 1484 660 1562; x_wconf 84' lang='lat' dir='ltr'>editoris</span> <span class='ocrx_word' id='word_1_53' title='bbox 682 1489 855 1587; x_wconf 86' lang='lat' dir='ltr'>optimae</span> <span class='ocrx_word' id='word_1_54' title='bbox 880 1484 1008 1587; x_wconf 86' lang='lat' dir='ltr'>frugis</span> <span class='ocrx_word' id='word_1_55' title='bbox 1025 1513 1100 1563; x_wconf 81' lang='lat' dir='ltr'>no·</span> 
     </span>
     <span class='ocr_line' id='line_1_10' title="bbox 148 1620 1098 1720; baseline 0.004 -26"><span class='ocrx_word' id='word_1_56' title='bbox 148 1633 209 1694; x_wconf 82' lang='lat' dir='ltr'>tas</span> <span class='ocrx_word' id='word_1_57' title='bbox 237 1620 469 1710; x_wconf 85' lang='lat' dir='ltr'>contineret,</span> <span class='ocrx_word' id='word_1_58' title='bbox 496 1645 628 1720; x_wconf 87' lang='lat' dir='ltr'>neque</span> <span class='ocrx_word' id='word_1_59' title='bbox 650 1621 700 1694; x_wconf 90' lang='lat' dir='ltr'>ab</span> <span class='ocrx_word' id='word_1_60' title='bbox 725 1622 812 1696; x_wconf 93' lang='lat' dir='ltr'>ullo</span> <span class='ocrx_word' id='word_1_61' title='bbox 839 1645 994 1710; x_wconf 90' lang='lat' dir='ltr'>eorum,</span> <span class='ocrx_word' id='word_1_62' title='bbox 1017 1621 1098 1720; x_wconf 74' lang='lat' dir='ltr'>&#39;qui</span> 
     </span>
     <span class='ocr_line' id='line_1_11' title="bbox 147 1752 1099 1860; baseline 0.006 -32"><span class='ocrx_word' id='word_1_63' title='bbox 147 1753 353 1829; x_wconf 69' lang='lat' dir='ltr'>norissrme</span> <span class='ocrx_word' id='word_1_64' title='bbox 373 1755 418 1828; x_wconf 89' lang='lat' dir='ltr'>in</span> <span class='ocrx_word' id='word_1_65' title='bbox 442 1755 693 1860; x_wconf 82' lang='lat' dir='ltr'>Quintiliano</span> <span class='ocrx_word' id='word_1_66' title='bbox 720 1756 901 1859; x_wconf 84' lang='lat' dir='ltr'>occupati</span> <span class='ocrx_word' id='word_1_67' title='bbox 920 1752 1099 1846; x_wconf 87' lang='lat' dir='ltr'>fuerunt,</span> 
     </span>
     <span class='ocr_line' id='line_1_12' title="bbox 151 1883 705 1967; baseline 0.009 -5"><span class='ocrx_word' id='word_1_68' title='bbox 151 1885 372 1965; x_wconf 89' lang='lat' dir='ltr'>constanter</span> <span class='ocrx_word' id='word_1_69' title='bbox 396 1883 488 1964; x_wconf 86' lang='lat' dir='ltr'>esset</span> <span class='ocrx_word' id='word_1_70' title='bbox 518 1885 705 1967; x_wconf 72' lang='lat' dir='ltr'>consulta.</span> 
     </span>
    </p>
   </div>
   <div class='ocr_carea' id='block_1_3' title="bbox 92 2091 1097 2202">
    <p class='ocr_par' dir='ltr' id='par_1_4' title="bbox 92 2091 1097 2202">
     <span class='ocr_line' id='line_1_13' title="bbox 92 2091 1097 2202; baseline 0.004 -34"><span class='ocrx_word' id='word_1_71' title='bbox 92 2091 260 2168; x_wconf 87' lang='lat' dir='ltr'>Ibidem.</span> <span class='ocrx_word' id='word_1_72' title='bbox 294 2096 353 2172; x_wconf 79' lang='lat' dir='ltr'><strong>M</strong></span> <span class='ocrx_word' id='word_1_73' title='bbox 370 2093 482 2171; x_wconf 86' lang='lat' dir='ltr'>Fabii</span> <span class='ocrx_word' id='word_1_74' title='bbox 506 2093 746 2202; x_wconf 83' lang='lat' dir='ltr'>Quintiliani</span> <span class='ocrx_word' id='word_1_75' title='bbox 760 2097 1011 2197; x_wconf 83' lang='lat' dir='ltr'>grammatica</span> <span class='ocrx_word' id='word_1_76' title='bbox 1028 2094 1097 2172; x_wconf 83' lang='lat' dir='ltr'>ad·</span> 
     </span>
    </p>
   </div>
   <div class='ocr_carea' id='block_1_4' title="bbox 148 2227 1266 3554">
    <p class='ocr_par' dir='ltr' id='par_1_5' title="bbox 151 2227 1098 2331">
     <span class='ocr_line' id='line_1_14' title="bbox 151 2227 1098 2331; baseline 0 -28"><span class='ocrx_word' id='word_1_77' title='bbox 151 2228 323 2306; x_wconf 87' lang='lat' dir='ltr'>modum</span> <span class='ocrx_word' id='word_1_78' title='bbox 350 2231 484 2306; x_wconf 85' lang='lat' dir='ltr'>brevis</span> <span class='ocrx_word' id='word_1_79' title='bbox 510 2246 550 2305; x_wconf 93' lang='lat' dir='ltr'>et</span> <span class='ocrx_word' id='word_1_80' title='bbox 576 2227 748 2306; x_wconf 83' lang='lat' dir='ltr'>studiose</span> <span class='ocrx_word' id='word_1_81' title='bbox 773 2230 875 2331; x_wconf 88' lang='lat' dir='ltr'>pubi</span> <span class='ocrx_word' id='word_1_82' title='bbox 902 2253 1098 2330; x_wconf 87' lang='lat' dir='ltr'>perquam</span> 
     </span>
    </p>

    <p class='ocr_par' dir='ltr' id='par_1_6' title="bbox 152 2363 1100 2462">
     <span class='ocr_line' id='line_1_15' title="bbox 152 2363 1100 2462; baseline 0 -22"><span class='ocrx_word' id='word_1_83' title='bbox 152 2365 276 2442; x_wconf 84' lang='lat' dir='ltr'>utilis.</span> <span class='ocrx_word' id='word_1_84' title='bbox 306 2373 345 2462; x_wconf 80' lang='grc'>4.</span> <span class='ocrx_word' id='word_1_85' title='bbox 393 2363 657 2442; x_wconf 87' lang='lat' dir='ltr'>Venundatur</span> <span class='ocrx_word' id='word_1_86' title='bbox 676 2368 721 2439; x_wconf 90' lang='lat' dir='ltr'>in</span> <span class='ocrx_word' id='word_1_87' title='bbox 742 2365 836 2440; x_wconf 90' lang='lat' dir='ltr'>vico</span> <span class='ocrx_word' id='word_1_88' title='bbox 858 2363 946 2440; x_wconf 85' lang='lat' dir='ltr'>divi</span> <span class='ocrx_word' id='word_1_89' title='bbox 964 2363 1100 2444; x_wconf 89' lang='lat' dir='ltr'>Iacobi</span> 
     </span>
    </p>

    <p class='ocr_par' dir='ltr' id='par_1_7' title="bbox 151 2495 1099 2601">
     <span class='ocr_line' id='line_1_16' title="bbox 151 2495 1099 2601; baseline 0 -29"><span class='ocrx_word' id='word_1_90' title='bbox 151 2498 203 2574; x_wconf 87' lang='lat' dir='ltr'>ad</span> <span class='ocrx_word' id='word_1_91' title='bbox 221 2497 374 2601; x_wconf 76' lang='lat' dir='ltr'>signum</span> <span class='ocrx_word' id='word_1_92' title='bbox 396 2501 543 2576; x_wconf 83' lang='lat' dir='ltr'>Leonis</span> <span class='ocrx_word' id='word_1_93' title='bbox 564 2501 739 2600; x_wconf 84' lang='lat' dir='ltr'>argentei</span> <span class='ocrx_word' id='word_1_94' title='bbox 764 2495 790 2572; x_wconf 87' lang='lat' dir='ltr'>s.</span> <span class='ocrx_word' id='word_1_95' title='bbox 816 2500 842 2573; x_wconf 91' lang='lat' dir='ltr'>l.</span> <span class='ocrx_word' id='word_1_96' title='bbox 870 2515 960 2573; x_wconf 81' lang='lat' dir='ltr'>eta</span> <span class='ocrx_word' id='word_1_97' title='bbox 1021 2497 1099 2575; x_wconf 85' lang='lat' dir='ltr'>Sed</span> 
     </span>
    </p>

    <p class='ocr_par' dir='ltr' id='par_1_8' title="bbox 150 2629 1099 2736">
     <span class='ocr_line' id='line_1_17' title="bbox 150 2629 1099 2736; baseline 0 -28"><span class='ocrx_word' id='word_1_98' title='bbox 150 2631 215 2708; x_wconf 88' lang='lat' dir='ltr'>bis</span> <span class='ocrx_word' id='word_1_99' title='bbox 238 2637 409 2710; x_wconf 87' lang='lat' dir='ltr'>maxime</span> <span class='ocrx_word' id='word_1_100' title='bbox 432 2629 680 2736; x_wconf 78' lang='lat' dir='ltr'>temporibus</span> <span class='ocrx_word' id='word_1_101' title='bbox 707 2633 869 2709; x_wconf 84' lang='lat' dir='ltr'>videtur</span> <span class='ocrx_word' id='word_1_102' title='bbox 895 2629 1099 2710; x_wconf 86' lang='lat' dir='ltr'>accensen-</span> 
     </span>
    </p>

    <p class='ocr_par' dir='ltr' id='par_1_9' title="bbox 152 2766 1104 2872">
     <span class='ocr_line' id='line_1_18' title="bbox 152 2766 1104 2872; baseline -0.002 -31"><span class='ocrx_word' id='word_1_103' title='bbox 152 2766 229 2845; x_wconf 90' lang='lat' dir='ltr'>dus</span> <span class='ocrx_word' id='word_1_104' title='bbox 255 2768 358 2844; x_wconf 86' lang='lat' dir='ltr'>liber</span> <span class='ocrx_word' id='word_1_105' title='bbox 391 2794 467 2872; x_wconf 91' lang='lat' dir='ltr'>pro</span> <span class='ocrx_word' id='word_1_106' title='bbox 496 2785 689 2870; x_wconf 87' lang='lat' dir='ltr'>typorum</span> <span class='ocrx_word' id='word_1_107' title='bbox 721 2767 884 2842; x_wconf 81' lang='lat' dir='ltr'>ratione.</span> <span class='ocrx_word' id='word_1_108' title='bbox 958 2767 1104 2844; x_wconf 76' lang='lat' dir='ltr'>Comi·-</span> 
     </span>
    </p>

    <p class='ocr_par' dir='ltr' id='par_1_10' title="bbox 149 2898 1266 3137">
     <span class='ocr_line' id='line_1_19' title="bbox 149 2898 1266 3008; baseline -0.002 -30"><span class='ocrx_word' id='word_1_109' title='bbox 149 2917 220 2978; x_wconf 85' lang='lat' dir='ltr'>net</span> <span class='ocrx_word' id='word_1_110' title='bbox 242 2904 366 3004; x_wconf 90' lang='lat' dir='ltr'>primi</span> <span class='ocrx_word' id='word_1_111' title='bbox 391 2907 466 3008; x_wconf 84' lang='lat' dir='ltr'>Qu.</span> <span class='ocrx_word' id='word_1_112' title='bbox 489 2905 586 2980; x_wconf 90' lang='lat' dir='ltr'>libri</span> <span class='ocrx_word' id='word_1_113' title='bbox 612 2903 751 3004; x_wconf 82' lang='lat' dir='ltr'>Capita</span> <span class='ocrx_word' id='word_1_114' title='bbox 767 2911 856 2996; x_wconf 74' lang='grc'>4-</span> <span class='ocrx_word' id='word_1_115' title='bbox 866 2925 905 2996; x_wconf 83' lang='grc'>9.</span> <span class='ocrx_word' id='word_1_116' title='bbox 938 2898 1099 3002; x_wconf 86' lang='lat' dir='ltr'>Insigni,</span> <span class='ocrx_word' id='word_1_117' title='bbox 1261 2954 1266 2962; x_wconf 89' lang='lat'>-</span> 
     </span>
     <span class='ocr_line' id='line_1_20' title="bbox 150 3034 1098 3137; baseline 0.002 -27"><span class='ocrx_word' id='word_1_118' title='bbox 150 3036 265 3134; x_wconf 89' lang='lat' dir='ltr'>quod</span> <span class='ocrx_word' id='word_1_119' title='bbox 285 3035 426 3112; x_wconf 88' lang='lat' dir='ltr'>titulus</span> <span class='ocrx_word' id='word_1_120' title='bbox 455 3034 643 3136; x_wconf 84' lang='lat' dir='ltr'>praefert,</span> <span class='ocrx_word' id='word_1_121' title='bbox 682 3034 928 3137; x_wconf 88' lang='lat' dir='ltr'>insculptum</span> <span class='ocrx_word' id='word_1_122' title='bbox 949 3035 1005 3112; x_wconf 88' lang='lat' dir='ltr'>est</span> <span class='ocrx_word' id='word_1_123' title='bbox 1023 3061 1098 3114; x_wconf 85' lang='lat' dir='ltr'>no-</span> 
     </span>
    </p>

    <p class='ocr_par' dir='ltr' id='par_1_11' title="bbox 148 3169 1100 3250">
     <span class='ocr_line' id='line_1_21' title="bbox 148 3169 1100 3250; baseline -0.001 -4"><span class='ocrx_word' id='word_1_124' title='bbox 148 3194 264 3246; x_wconf 89' lang='lat' dir='ltr'>rnen:</span> <span class='ocrx_word' id='word_1_125' title='bbox 295 3175 335 3246; x_wconf 92' lang='lat' dir='ltr'>P.</span> <span class='ocrx_word' id='word_1_126' title='bbox 355 3173 473 3246; x_wconf 87' lang='lat' dir='ltr'>Viart.</span> <span class='ocrx_word' id='word_1_127' title='bbox 515 3171 636 3248; x_wconf 89' lang='lat' dir='ltr'>Meus</span> <span class='ocrx_word' id='word_1_128' title='bbox 654 3169 708 3244; x_wconf 90' lang='lat' dir='ltr'>est</span> <span class='ocrx_word' id='word_1_129' title='bbox 725 3171 896 3250; x_wconf 88' lang='lat' dir='ltr'>libellus.</span> <span class='ocrx_word' id='word_1_130' title='bbox 939 3175 1100 3249; x_wconf 87' lang='lat' dir='ltr'>Memo-</span> 
     </span>
    </p>

    <p class='ocr_par' dir='ltr' id='par_1_12' title="bbox 152 3305 1097 3382">
     <span class='ocr_line' id='line_1_22' title="bbox 152 3305 1097 3382; baseline -0.003 0"><span class='ocrx_word' id='word_1_131' title='bbox 152 3321 214 3382; x_wconf 88' lang='lat' dir='ltr'>rat</span> <span class='ocrx_word' id='word_1_132' title='bbox 234 3305 410 3382; x_wconf 86' lang='lat' dir='ltr'>eundem</span> <span class='ocrx_word' id='word_1_133' title='bbox 432 3309 526 3382; x_wconf 89' lang='lat' dir='ltr'>Ern.</span> <span class='ocrx_word' id='word_1_134' title='bbox 547 3307 594 3382; x_wconf 94' lang='lat' dir='ltr'>in</span> <span class='ocrx_word' id='word_1_135' title='bbox 620 3305 715 3382; x_wconf 80' lang='lat' dir='ltr'>bibl&#39;.</span> <span class='ocrx_word' id='word_1_136' title='bbox 744 3308 855 3382; x_wconf 87' lang='lat' dir='ltr'>Fabr.</span> <span class='ocrx_word' id='word_1_137' title='bbox 883 3309 948 3382; x_wconf 78' lang='lat' dir='ltr'>lat</span> <span class='ocrx_word' id='word_1_138' title='bbox 986 3311 1033 3381; x_wconf 93' lang='lat' dir='ltr'>T.</span> <span class='ocrx_word' id='word_1_139' title='bbox 1059 3327 1097 3380; x_wconf 78' lang='lat' dir='ltr'>a.</span> 
     </span>
    </p>

    <p class='ocr_par' dir='ltr' id='par_1_13' title="bbox 148 3443 498 3554">
     <span class='ocr_line' id='line_1_23' title="bbox 148 3443 498 3554; baseline 0 -38"><span class='ocrx_word' id='word_1_140' title='bbox 148 3467 188 3544; x_wconf 81' lang='lat' dir='ltr'>p.</span> <span class='ocrx_word' id='word_1_141' title='bbox 212 3449 307 3532; x_wconf 83' lang='lat'><strong>265.</strong></span> <span class='ocrx_word' id='word_1_142' title='bbox 335 3443 434 3554; x_wconf 76' lang='lat' dir='ltr'>Not</span> <span class='ocrx_word' id='word_1_143' title='bbox 459 3468 498 3544; x_wconf 90' lang='lat' dir='ltr'>p.</span> 
     </span>
    </p>
   </div>
   <div class='ocr_carea' id='block_1_5' title="bbox 98 3636 1100 4138">
    <p class='ocr_par' dir='ltr' id='par_1_14' title="bbox 98 3636 1100 4138">
     <span class='ocr_line' id='line_1_24' title="bbox 98 3636 1099 3756; baseline -0.006 -36"><span class='ocrx_word' id='word_1_144' title='bbox 98 3637 259 3730; x_wconf 82' lang='lat' dir='ltr'>Ibidem.</span> <span class='ocrx_word' id='word_1_145' title='bbox 301 3641 482 3720; x_wconf 87' lang='lat' dir='ltr'>Secunda</span> <span class='ocrx_word' id='word_1_146' title='bbox 491 3643 520 3718; x_wconf 92' lang='lat'>1.</span> <span class='ocrx_word' id='word_1_147' title='bbox 535 3637 648 3716; x_wconf 81' lang='lat' dir='ltr'>Badii</span> <span class='ocrx_word' id='word_1_148' title='bbox 662 3636 832 3717; x_wconf 87' lang='lat' dir='ltr'>Ascensii</span> <span class='ocrx_word' id='word_1_149' title='bbox 849 3636 974 3716; x_wconf 89' lang='lat' dir='ltr'>editio</span> <span class='ocrx_word' id='word_1_150' title='bbox 991 3637 1099 3756; x_wconf 80' lang='lat' dir='ltr'>Anni</span> 
     </span>
     <span class='ocr_line' id='line_1_25' title="bbox 158 3771 1097 3877; baseline -0.019 -12"><span class='ocrx_word' id='word_1_151' title='bbox 158 3793 276 3870; x_wconf 88' lang='lat'><strong>¹519·</strong></span> <span class='ocrx_word' id='word_1_152' title='bbox 306 3781 348 3853; x_wconf 84' lang='lat' dir='ltr'>F·</span> <span class='ocrx_word' id='word_1_153' title='bbox 405 3771 579 3856; x_wconf 88' lang='lat' dir='ltr'>Mirifice</span> <span class='ocrx_word' id='word_1_154' title='bbox 596 3799 641 3851; x_wconf 87' lang='lat' dir='ltr'>ea</span> <span class='ocrx_word' id='word_1_155' title='bbox 657 3775 843 3854; x_wconf 83' lang='lat' dir='ltr'>recedens</span> <span class='ocrx_word' id='word_1_156' title='bbox 863 3802 887 3851; x_wconf 88' lang='lat' dir='ltr'>a</span> <span class='ocrx_word' id='word_1_157' title='bbox 903 3775 1031 3877; x_wconf 87' lang='lat' dir='ltr'>priori</span> <span class='ocrx_word' id='word_1_158' title='bbox 1046 3773 1097 3848; x_wconf 86' lang='lat' dir='ltr'>il-</span> 
     </span>
     <span class='ocr_line' id='line_1_26' title="bbox 155 3903 1098 4008; baseline -0.018 -9"><span class='ocrx_word' id='word_1_159' title='bbox 155 3910 205 3998; x_wconf 68' lang='lat' dir='ltr'>ia,</span> <span class='ocrx_word' id='word_1_160' title='bbox 235 3934 355 4008; x_wconf 81' lang='lat' dir='ltr'>quam</span> <span class='ocrx_word' id='word_1_161' title='bbox 375 3910 500 3990; x_wconf 92' lang='lat' dir='ltr'>modo</span> <span class='ocrx_word' id='word_1_162' title='bbox 526 3903 808 4002; x_wconf 83' lang='lat' dir='ltr'>recensuimus,</span> <span class='ocrx_word' id='word_1_163' title='bbox 835 3925 876 3986; x_wconf 83' lang='lat' dir='ltr'>et</span> <span class='ocrx_word' id='word_1_164' title='bbox 893 3907 977 3986; x_wconf 87' lang='lat' dir='ltr'>sere</span> <span class='ocrx_word' id='word_1_165' title='bbox 1002 3933 1098 3984; x_wconf 87' lang='lat' dir='ltr'>con·</span> 
     </span>
     <span class='ocr_line' id='line_1_27' title="bbox 155 4041 1100 4138; baseline -0.002 -18"><span class='ocrx_word' id='word_1_166' title='bbox 155 4043 326 4122; x_wconf 85' lang='lat' dir='ltr'>sentiens</span> <span class='ocrx_word' id='word_1_167' title='bbox 360 4072 454 4126; x_wconf 90' lang='lat' dir='ltr'>cum</span> <span class='ocrx_word' id='word_1_168' title='bbox 491 4047 799 4138; x_wconf 81' lang='lat' dir='ltr'>recentioribus,</span> <span class='ocrx_word' id='word_1_169' title='bbox 854 4059 903 4124; x_wconf 86' lang='lat' dir='ltr'>ut</span> <span class='ocrx_word' id='word_1_170' title='bbox 930 4041 1100 4122; x_wconf 78' lang='lat' dir='ltr'>subinde</span> 
     </span>
    </p>
   </div>
   <div class='ocr_carea' id='block_1_6' title="bbox 0 0 1385 4800">
    <p class='ocr_par' dir='ltr' id='par_1_15' title="bbox 0 0 1385 4800">
     <span class='ocr_line' id='line_1_28' title="bbox 0 0 1385 4800; baseline 0 0"><span class='ocrx_word' id='word_1_171' title='bbox 0 0 1385 4800; x_wconf 95' lang='lat' dir='ltr'> </span> 
     </span>
    </p>
   </div>
  </div>
 </body>
</html>
