2596 4710
167 307 242 387 ⁸74
404 296 461 367 Μ.
488 297 588 367 mn.
615 295 930 389 oumnnuur

163 483 305 565 fusam.
331 549 335 559 .
360 484 542 559 Multum
566 482 662 558 inde
679 483 904 581 decoquent
922 484 1035 571 anni,
1067 484 1175 559 mul·

165 617 256 677 tum
275 601 375 674 ratio
394 600 565 686 limabit‚
593 599 747 697 aliquid
766 600 878 672 velut
902 596 976 673 ul'u
999 597 1084 698 ipso
1106 600 1175 672 de-

167 731 336 805 teretur‚
370 711 412 787 lit
428 714 550 790 modo
569 715 679 789 unde
698 713 827 788 excidi
847 714 974 813 pollit,
1005 731 1045 788 et
1062 713 1174 812 quod

167 831 337 929 exculpi.
364 832 446 902 erit
470 845 619 918 autem,
653 827 676 902 fi
704 857 786 904 uon
809 831 856 902 ab
873 831 992 904 initio
1009 846 1174 904 tenuem

34 934 38 941 ¹
115 996 119 1005 ·
166 948 342 1021 nimium
364 946 552 1018 laminam
576 945 826 1032 duxerimus,
856 961 896 1018 et
913 971 1033 1042 quam
1052 947 1174 1018 caela-

141 1070 259 1137 8tura
279 1062 395 1135 altior
419 1077 585 1158 rumpat.
647 1060 767 1164 Quod
792 1087 858 1134 me
882 1060 931 1134 <le
954 1061 1016 1134 his
1040 1061 1175 1135 aetati·

166 1176 243 1251 bus
265 1173 408 1251 sentire
430 1178 565 1250 minus
588 1176 815 1263 mirabitur,
845 1177 916 1273 qui
936 1174 1043 1274 apud
1059 1177 1172 1251 Cice-

49 1368 53 1379 ,
165 1316 308 1367 runem
325 1292 483 1389 legerit,
519 1291 619 1365 Volo
635 1296 732 1363 euim
745 1285 797 1399 se
819 1285 965 1402 efferat
984 1295 1023 1363 in
1039 1292 1134 1365 adol
1154 1335 1172 1350 ·

155 1398 293 1516 scente
306 1401 544 1512 fecunditas.
604 1412 854 1508 Quapropter
869 1409 911 1479 in
927 1408 1066 1505 primis
1087 1408 1171 1479 evi·

165 1520 328 1607 candus,
357 1536 395 1593 et
415 1523 462 1594 iu
481 1522 616 1618 pueris
635 1524 864 1620 praecipue,
894 1518 1076 1629 magister¹
1095 1522 1171 1595 ari-

166 1634 263 1727 dus;
292 1661 376 1709 non
393 1636 547 1721 minus,
577 1662 695 1732 quam
711 1639 856 1709 teneris
875 1634 1004 1710 adhuc
1024 1639 1170 1735 plantis

139 1746 309 1835 sficcum
325 1765 363 1822 et
382 1749 461 1823 line
479 1749 649 1824 humore
664 1752 750 1825 ullo
766 1750 904 1826 solum.
950 1751 1048 1825 lude
1067 1749 1172 1826 fiunt

161 1865 337 1939 humiles
353 1861 491 1952 statim,
510 1878 546 1936 et
560 1867 672 1939 velut
692 1883 835 1941 terrani
850 1863 1076 1965 spectanteS,
1098 1868 1171 1965 qui

160 1978 268 2055 nihil
293 1976 409 2078 supra
432 1978 713 2078 quotidianum
737 1981 959 2056 lemionem
988 1984 1168 2058 attollere

162 2092 341 2169 audeant.
400 2097 548 2170 Macies
568 2097 647 2170 illis
668 2094 938 2194 profanitate,
964 2112 1003 2170 et
1023 2097 1229 2191 iudicitur

161 2209 254 2285 loco
275 2206 482 2287 infirmitas
506 2207 579 2283 est:
610 2227 648 2283 et
669 2211 766 2285 dum
789 2210 878 2287 latis
901 2227 1045 2311 putant
1064 2215 1168 2289 vitio

162 2348 312 2411 carere,
343 2326 386 2397 iu
413 2325 456 2397 id
484 2323 613 2423 ipl'um
642 2326 828 2401 incidunt
858 2327 1024 2414 vitium,
1054 2325 1169 2427 quod

160 2438 382 2513 virtutibus
407 2455 548 2513 carent.
608 2447 738 2545 Quare
762 2441 866 2515 mihi
890 2466 941 2515 ne
963 2445 1167 2518 maturitas

161 2550 326 2653 quidem
354 2550 434 2652 ipsa
461 2553 636 2644 festinet,
669 2582 742 2631 nec
763 2555 890 2632 musta
910 2559 954 2630 iu
978 2558 1067 2632 lacu
1095 2555 1167 2631 sta·

159 2668 235 2743 tim
257 2667 405 2743 austera
428 2666 520 2744 suit:
551 2669 601 2744 fic
620 2650 804 2748 etanuos
820 2672 968 2761 ferent,
997 2688 1167 2747 etvetu-

220 2929 339 2999 excalpi.
363 2927 448 2984 Goth.
466 2908 536 2995 (lac.
554 2932 655 2998 Gelu.)
672 2952 735 2985 cum
752 2933 827 2988 Vols.
845 2948 872 2987 2.
883 2932 975 3008 sculpi
989 2932 1065 3004 quod
1082 2931 1166 3010 longe

157 3012 248 3091 magia
269 3012 370 3085 placet,
394 3016 458 3084 quia
473 3018 507 3067 lic
522 3015 592 3069 abest
608 3017 716 3069 molesta
733 3019 843 3071 iteratio
857 3018 965 3077 excidi,
987 3015 1110 3090 exciilpi.

197 3096 302 3170 legerit.
326 3098 411 3152 Goth.
427 3100 594 3172 legee(non
611 3103 677 3173 legit
697 3115 728 3154 ut
744 3104 823 3156 Gelu.
838 3102 904 3169 rel.)
922 3121 985 3155 cum
1000 3102 1076 3158 volt.
1093 3115 1122 3154 u·
1159 3124 1161 3129 ·
1199 3150 1202 3155 .

488 3227 510 3287 'r

157 3294 225 3349 (lum
257 3295 369 3375 singulis
399 3297 441 3350 rei
469 3312 641 3371 comparatae
682 3318 748 3371 pere
768 3298 914 3371 jubemur,
937 3316 1095 3370 qumquam
1115 3294 1166 3351 val

156 3379 282 3455 partibus
301 3386 357 3434 liras
375 3382 507 3457 lanugines
526 3382 640 3435 reddere
682 3384 716 3434 de
736 3383 847 3436 metallo
865 3384 1027 3454 ‹leuiquetrclr'
1043 3378 1167 3434 vocabu·

157 3479 289 3525 curantur,
318 3465 347 3516 in
376 3464 497 3542 argutiae
525 3466 640 3518 videtur
681 3465 742 3518 lum
760 3469 914 3539 ulmpatur.
960 3467 1019 3537 lpse
1035 3464 1081 3517 liic
1096 3482 1165 3541 ergo

156 3546 241 3601 abire.
270 3547 446 3605 obscuritate
462 3550 554 3607 etiam,
569 3569 639 3621 quae
681 3548 767 3601 nostri
783 3549 861 3603 locus
876 3549 1023 3601 cacozeliae
1045 3548 1165 3603 erimine

155 3631 246 3705 prima
268 3635 394 3684 onmium
420 3631 506 3685 abelle
523 3633 604 3686 debet
623 3653 637 3684 a
680 3636 792 3706 prorsus
815 3652 904 3686 carere
927 3633 999 3685 inihi
1012 3650 1070 3684 non
1085 3631 1164 3686 vide·

142 3714 377 3786 ¹comparatione,
408 3713 514 3768 laborat
538 3717 637 3788 aliqua,
682 3732 736 3770 tur.

154 3797 242 3858 (lum,
276 3798 449 3873 decoquentes
485 3801 589 3874 aliquid
623 3822 639 3853 ο
721 3802 839 3873 exculpi.
862 3798 921 3854 vid.
936 3814 995 3852 not.
1013 3798 1083 3854 Ctit.

89 3900 91 3904 ·
156 3898 268 3935 mutetur
285 3886 349 3935 unni
372 3882 455 3935 oleris
478 3883 638 3956 potiusvcl
720 3886 795 3956 apud
813 3887 866 3938 Cic.
909 3885 955 3936 De
969 3884 1048 3938 Orat.
1069 3898 1155 3942 2,21

154 3965 293 4043 unguenti
329 3964 446 4036 alicujus
484 3969 637 4041 coquendi,
678 3986 762 4040 quem
779 3967 871 4021 locum
887 3984 949 4020 cum
968 3962 1162 4039 Quintilianeo

152 4050 271 4123 speciem
287 4051 419 4123 praebent
433 4070 515 4121 quam
533 4052 638 4107 inetalli
678 4052 803 4106 conferre
838 4052 1033 4128 rectelluadet
1061 4053 1159 4107 Getae

151 4133 220 4195 tufi,
245 4133 323 4208 quod
341 4152 411 4188 mox
434 4134 529 4190 auimo
546 4137 637 4193 conci·
676 4155 735 4193 rue.
