2596 4710
347 350 469 419 ruer.
496 350 704 421 orator.
730 348 821 422 cta.
842 352 900 437 11,
930 356 986 423 ιο.
1094 328 1189 440 afir'

169 535 389 613 Probabilis
405 553 445 612 et
464 537 525 610 iili
545 538 781 641 voluntatis,
809 541 880 639 qui
907 555 1008 614 recte
1017 533 1216 648 semiresa

169 669 209 727 et
222 655 367 740 dicere,
388 653 602 728 rhetorices
617 670 870 753 putaverunt.
907 657 960 731 Hi
977 652 1068 729 sunt
1087 654 1170 729 fere

173 765 271 842 fines
294 771 462 841 maxime
487 767 675 857 illustres,
711 787 751 845 et
774 766 824 844 de
848 772 995 869 quibus
1021 773 1172 870 praeci·

173 904 255 983 pue
276 882 507 983 disputatur.
566 886 672 959 Nam
697 911 835 960 omnes
858 886 1023 985 quidem
1043 882 1172 985 perse·

174 1000 265 1098 qui,
294 1024 367 1074 nec
390 999 549 1087 attinet,
577 1023 651 1073 nec
675 998 849 1100 possum:
884 1028 977 1074 cum
1000 1024 1172 1101 pravum

174 1113 378 1213 quoddam
398 1116 468 1209 (ut
483 1110 673 1214 arbitior)
697 1113 875 1191 studium
890 1118 991 1189 circa
1009 1115 1173 1214 scripto·

175 1253 236 1303 res
270 1232 428 1309 Artium
467 1231 656 1317 extiterit,
700 1230 804 1305 nihil
842 1228 991 1305 eisdem
1027 1232 1172 1317 verbis,

175 1370 275 1443 quae
294 1347 406 1442 prior
426 1346 570 1444 aliquis
591 1342 826 1445 occupasset,
856 1343 1041 1421 finiendi:
1071 1366 1172 1445 quae

175 1461 340 1535 ambitio
368 1461 513 1559 procul
544 1460 667 1534 aberit
695 1486 717 1533 a
746 1486 821 1535 me.
892 1464 1034 1536 Dicam
1064 1461 1222 1543 enimass

176 1600 260 1649 non
284 1578 426 1673 utique
451 1599 551 1675 quae
576 1576 790 1663 invenero,
825 1574 893 1652 sed
923 1601 1021 1675 quae
1046 1576 1175 1676 place-

176 1690 299 1765 bunt:
330 1689 428 1769 sicut
449 1691 546 1779 hoc,
577 1686 787 1766 rhetoricen
811 1684 889 1803 effe
910 1689 1003 1765 hene
1025 1691 1174 1764 dicendi

166 1798 392 1915 scientiam:
431 1830 545 1895 cunt,
570 1823 728 1905 reperto
751 1808 864 1905 quod
888 1805 941 1880 est
964 1807 1176 1907 optimum,

177 1922 250 2019 qui
267 1923 421 2019 quaerit
438 1919 569 2007 aliud,
597 1926 710 2020 peius
728 1923 837 1995 velit.
896 1924 968 1997 His
986 1922 1177 2022 approba·

177 2034 239 2123 tis,
261 2034 376 2111 simui
391 2032 643 2110 manifestum
664 2034 718 2111 est
735 2036 839 2111 iilud
855 2062 1032 2137 quoque,
1055 2060 1177 2135 quem

178 2146 319 2238 finem,
348 2151 414 2224 vel
434 2148 535 2250 quid
557 2148 758 2225 summum
775 2167 815 2225 et
831 2152 1019 2228 ultimum
1037 2150 1179 2224 habeat

178 2265 395 2354 rhetorice,
420 2264 531 2365 quod
546 2273 643 2349 τέλος
660 2266 827 2353 dicitur,
855 2265 906 2340 ad
919 2264 1032 2365 quod
1048 2265 1179 2340 omnis

180 2405 240 2456 ars
260 2380 397 2461 tendit,
429 2407 521 2454 uam
543 2380 570 2455 st
593 2381 646 2456 est
663 2382 744 2482 ipsa
766 2383 866 2457 bene
881 2381 1040 2455 dicendi
1049 2378 1180 2455 ⁴scicn-

180 2496 254 2586 tia;
284 2493 374 2570 finis
388 2502 472 2591 ejus
488 2512 527 2569 et
543 2494 746 2573 summum
765 2495 820 2571 est
837 2498 938 2572 bene
956 2496 1097 2572 dicere.

118 2746 178 2816 »06
266 2730 362 2799 XVI.
404 2730 592 2824 Sequitur
614 2725 810 2826 quaestio,
837 2727 908 2803 An
931 2729 1034 2800 utilis
1056 2722 1181 2800 rheto-

182 2845 284 2913 rice?
339 2846 444 2914 Nam
473 2841 638 2939 quidam
663 2843 919 2916 vehementer
941 2844 985 2914 in
1009 2864 1095 2914 eam
1119 2840 1185 2913 in·

179 2954 276 3030 vehi
305 2953 450 3029 solent:
484 2972 541 3043 et,
571 2956 684 3056 quod
708 2952 753 3029 stt
781 2954 1110 3055 indignissimum,
1137 2956 1183 3029 in

182 3069 468 3147 accusationem
498 3074 689 3147 orationis
716 3087 888 3147 utuntur
914 3068 1056 3146 orandi
1085 3068 1183 3142 viri·

227 3269 426 3325 Probabilis·
440 3269 664 3329 voluntariam
747 3289 825 3345 quem
839 3268 938 3341 finem.
978 3266 1038 3341 Ipse
1060 3266 1114 3337 Qu.
1136 3282 1183 3339 pr·

184 3355 289 3407 virtuti
302 3367 331 3407 et
344 3352 477 3429 probitati
493 3356 587 3408 lavere
601 3356 665 3410 strat
704 3372 769 3408 rum
784 3352 858 3407 cavit
882 3350 1093 3410 obscuritatem,
1113 3348 1182 3401 dum

184 3438 313 3514 pratandi.
702 3428 760 3514 ’ὅρον
794 3437 899 3513 pariter
926 3448 954 3491 ct
983 3433 1061 3489 rim
1090 3432 1184 3486 reddit

227 3524 348 3577 auditio.
370 3520 436 3575 vide
456 3519 490 3573 ad
517 3542 542 3582 a,
565 3538 592 3583 2,
615 3538 664 3577 Μ.
700 3524 797 3598 finem.
1014 3540 1017 3545 ·

187 3606 379 3681 Anibitiosum‚
399 3606 488 3659 veteri
502 3607 586 3666 sensu,
603 3607 669 3663 suis·

187 3693 225 3748 iet
248 3691 385 3748 aliorum,
407 3704 433 3742 et
454 3690 566 3761 quidem
583 3690 669 3745 claro·
750 3688 847 3745 orandi
858 3686 965 3743 viribus.
986 3684 1102 3758 Aliquid
1114 3686 1187 3742 iimi-

187 3794 269 3835 rum.
299 3776 463 3849 scriptorum
486 3774 581 3829 verbis
605 3777 669 3849 ipsis
709 3772 735 3827 le
755 3773 880 3825 vidimus
903 3773 933 3825 iu
956 3772 1088 3850 liaffaaio
1109 3774 1188 3839 (sivo

187 3861 234 3915 uti
257 3874 285 3913 et
308 3863 343 3913 iic
364 3878 409 3913 eos
430 3859 584 3927 ‹temerori3
604 3879 670 3915 oum
710 3858 817 3929 siriam
845 3858 954 3924 mavis)
985 3854 1129 3910 literarum
1158 3868 1187 3909 ot

187 3962 266 3999 nunc
287 3944 393 3996 nonnisi
416 3945 520 4017 gloriae
549 3945 669 3999 studium
711 3938 814 3996 attinuit
837 3918 1029 3996 obrectotote.
1070 3941 1130 3997 cie
1155 3942 1189 3992 de

189 4030 374 4107 figititicetur.
393 4048 461 4101 quae
476 4043 535 4080 trun
551 4030 672 4083 maximo
714 4030 765 4085 Or.
784 4046 809 4083 r,
829 4046 860 4078 ιι
885 4024 982 4086 »Ρῑιιο
1002 4054 1038 4069 -··
1055 4024 1085 4081 iu
1101 4040 1193 4079 orato·

191 4112 349 4190 contingit,
372 4112 515 4189 inprimuo
529 4128 577 4167 tua
593 4113 675 4170 dixis·
714 4110 812 4175 „ribne
828 4108 976 4165 irridendis
992 4110 1051 4189 ipse
1070 4136 1113 4157 ι-
1133 4124 1195 4165 ora·

193 4198 221 4255 te
237 4195 370 4253 vitenti.
717 4210 784 4258 „tor
802 4194 953 4251 summum
