2596 4710
177 315 249 381 150
410 298 466 367 Μ.
493 300 592 369 rau.
621 297 933 397 dommum

175 481 297 560 lolam
332 499 492 584 putant,
532 513 651 584 quam
688 511 761 587 ego
796 486 964 559 minime
993 485 1175 562 eicludo.

176 599 286 703 Quid
300 602 408 672 euim
424 614 501 675 tam
517 598 790 687 necessarium,
813 625 933 697 quam
946 616 1050 673 recta
1064 603 1176 676 locu·

175 714 263 789 tio?
320 718 448 790 Immo
470 715 761 790 inhaerendum
786 716 823 786 ei
850 714 1005 807 judico,
1041 716 1176 814 quoad

176 828 287 916 licet;
320 828 398 911 ,diu
426 831 544 904 etiam
570 833 816 907 mutantibus
846 831 1175 929 repugnandum:

177 940 245 1017 sed
265 945 409 1017 abolita
432 962 549 1044 atque
573 948 755 1044 abrogata
779 947 969 1031 retinere,
1004 944 1177 1022 insolen-

176 1061 254 1131 tiae
268 1058 473 1148 cuiusdam
488 1061 563 1148 est,
594 1079 632 1134 ct
647 1061 814 1134 frivolae
829 1062 872 1133 iu
887 1063 1019 1158 parvis
1035 1070 1176 1151 jactan-

132 1175 264 1246 ntiae.
323 1177 505 1249 Multum
530 1179 638 1250 euim
664 1179 857 1260 liternino,
891 1176 960 1271 qui
983 1174 1176 1276 fiuealpi·

176 1290 328 1364 ratione
355 1303 393 1360 et
419 1290 612 1388 producta
633 1289 801 1364 secunda
823 1288 971 1387 syllaba
992 1288 1173 1366 salutavit

177 1405 315 1499 (avere
330 1401 385 1476 est
399 1407 551 1505 cuim),
570 1422 609 1479 et
628 1400 847 1510 calefacere
865 1405 1009 1480 dixerit
1028 1409 1174 1507 potius,

234 1568 310 1655 locta
323 1602 432 1656 locutio.
456 1603 548 1657 Guell.
564 1620 592 1657 et
607 1604 702 1658 Turic.
718 1619 789 1657 certa
804 1603 926 1657 elocutio.
949 1601 1070 1656 Fortasse
1084 1603 1113 1655 in
1130 1621 1176 1656 ex·

176 1682 437 1757 empluiuveuicbat
452 1687 581 1742 librarius
589 1704 660 1743 celtu
674 1686 711 1762 eft
726 1689 834 1742 locutio.
859 1690 936 1740 Certa
951 1685 1077 1759 plerique
1086 1685 1173 1742 codd.

176 1783 205 1822 et
219 1767 280 1821 edd.
298 1784 367 1822 vett.
384 1769 469 1825 Goth.
486 1786 576 1824 tameo
594 1791 679 1833 recta,
702 1792 764 1825 cum
781 1791 837 1842 quo
854 1771 931 1827 Voll.
950 1787 977 1824 2.
994 1770 1081 1823 lacere
1095 1784 1173 1844 puto.

176 1853 339 1906 Conlulmui
362 1870 452 1906 autem
476 1855 597 1910 obnoxia
618 1858 648 1909 iu
670 1860 748 1912 Mss.
771 1855 837 1907 hacc
857 1870 928 1908 certa
950 1870 978 1907 ct
1000 1871 1086 1914 recta,
1115 1854 1173 1909 vid.

176 1934 316 1991 Drakeub.
332 1937 364 1989 ad
382 1940 569 2010 Liv.4o,15‚
588 1957 614 1993 2.
716 1938 857 2014 salutauit.
881 1942 914 1991 lu
930 1938 983 1991 hoc
1002 1940 1175 1994 couscutiuut

178 2021 599 2096 omuceCodd.practc1-Voll.
621 2046 645 2076 1.
668 2023 776 2077 dautem
794 2021 925 2096 saluauit.
968 2022 1037 2077 our.
1063 2028 1115 2086 (uu
1139 2042 1175 2077 ex

178 2104 250 2161 cod.
266 2107 532 2183 Argentoratcusr‘l)
552 2109 629 2162 dedit
641 2107 784 2182 salutarit,
806 2105 881 2177 quod
897 2107 984 2178 potest
997 2108 1174 2161 rtcccffurittm

176 2188 286 2249 videri,
308 2189 343 2243 ob
362 2182 472 2262 [equiem
492 2194 601 2248 dixerit.
644 2195 742 2264 Neque
767 2206 856 2242 tumen
880 2206 976 2242 contra
995 2191 1083 2246 Codd.
1102 2192 1176 2244 oble·

174 2290 244 2346 quar
259 2273 411 2330 Obreclito.
455 2278 577 2333 Vossiaui
594 2278 739 2352 scriptura,
762 2279 780 2327 li
798 2274 895 2326 uhcll'et
913 2297 928 2325 n
946 2272 1089 2347 (salutat)
1111 2294 1176 2349 pree

175 2355 307 2412 omnibus
321 2357 447 2431 placeret.
469 2362 495 2415 N
500 2381 554 2415 uuc
563 2361 696 2436 salutavit
706 2374 753 2412 tut
768 2351 889 2433 elapsurus
903 2358 1092 2431 accipiendum
1103 2359 1177 2413 dero

174 2442 279 2514 laepiut
295 2441 363 2495 sacta
379 2444 427 2512 (cl.
438 2455 466 2512 8,
476 2459 503 2512 3,
513 2460 552 2512 50
567 2448 711 2518 aptarat),
726 2457 783 2502 aut,
793 2443 868 2515 quod
885 2443 988 2502 malim,
1004 2440 1177 2521 intelligitur

175 2539 266 2578 certus
285 2525 385 2586 humo,
407 2547 489 2599 quem
507 2532 546 2582 ita
563 2527 693 2606 salutaffu
706 2529 734 2580 iu
752 2544 800 2579 otc
815 2525 970 2580 multorum
987 2527 1087 2586 luerit,
1109 2546 1177 2581 cum

175 2607 303 2671 scriberet
320 2614 373 2683 Qu.
408 2615 517 2668 Dixerit
532 2614 659 2686 deinceps
676 2609 820 2685 potentiali
836 2611 920 2662 modo
936 2610 1039 2664 dicitur
1052 2611 1120 2666 al'aeu
1134 2602 1177 2671 alu.

213 2713 291 2747 avere
305 2693 342 2768 eft
359 2699 435 2749 cuim.
466 2701 506 2750 Ita
517 2697 608 2752 (ittcll'.
619 2713 647 2749 ct
656 2697 752 2752 Turio.
781 2694 904 2767 Repolui
918 2695 1005 2751 codd.
1021 2694 1176 2768 plerorum-

173 2792 236 2850 que,
259 2779 466 2851 multarumque
482 2783 542 2834 edd.
557 2796 626 2834 vett.
642 2781 813 2852 scripturam.
854 2782 954 2850 Neque
970 2778 1055 2832 obstat
1070 2796 1178 2833 coutra-

173 2862 283 2914 riorum
299 2863 397 2922 Codd„
411 2882 488 2919 utute
503 2866 592 2938 (quod
610 2880 638 2918 et
653 2865 732 2918 Gelu.
742 2862 832 2930 dedit)
847 2864 1070 2937 praescrcptimu,
1084 2880 1176 2918 autuo-
1275 2896 1281 2922 ·.

173 2946 250 3004 ritas,
265 2946 295 2998 iu
307 2962 365 3001 tam
381 2949 500 3025 proclivi
516 2969 617 3003 errore.
640 2953 843 3020 Recepta,quae
859 2946 895 3024 est
912 2952 979 3001 cuim
994 2949 1174 3020 parenthesin.

174 3043 202 3082 et
216 3045 293 3083 avete
309 3031 420 3084 salutem
436 3033 511 3086 illam
527 3035 630 3108 ipsam,
653 3034 733 3090 lacit,
760 3051 793 3084 eo
807 3034 927 3084 maxime
944 3032 1065 3092 laborat,
1090 3032 1176 3106 quod,

172 3128 280 3188 praeter
290 3132 401 3169 omnem
412 3121 640 3191 expectationem,
656 3116 756 3190 plurali
767 3136 884 3168 uuum-u
895 3115 1054 3169 salutantem
1065 3117 1175 3172 inducit

174 3197 254 3251 istum
272 3200 384 3254 riculeum
399 3202 540 3255 literatum.
585 3206 662 3266 Cum
674 3202 707 3255 dc
723 3200 855 3256 salutandi
873 3199 959 3254 verbo
974 3202 1075 3278 agitur,
1092 3220 1175 3261 uento

170 3281 232 3335 sane
242 3285 385 3341 Romanus
402 3285 477 3340 aliud
493 3288 646 3360 quidquam
661 3286 772 3364 cogitat,
788 3286 837 3339 uili
853 3299 952 3338 uotum
966 3285 1038 3338 illud
1055 3287 1133 3340 suum
1148 3301 1176 3342 et

175 3449 227 3504 tabi
257 3448 389 3525 offidarim
418 3455 528 3509 sortasse
564 3455 656 3509 dclcn-
696 3455 770 3510 renti
797 3454 864 3511 aac‘,
900 3472 956 3505 uon
986 3454 1083 3515 ttavb„
1098 3455 1176 3529 quod

177 3532 262 3594 dum,
293 3551 423 3609 tauquam
452 3539 536 3616 odiofi
561 3541 654 3618 glulla.
697 3539 796 3592 eratin
814 3540 870 3596 usu.
887 3541 934 3592 etsi
949 3539 1092 3594 vitiosum.
1115 3540 1174 3595 vid.

176 3619 259 3672 etiam
283 3619 389 3676 Gellius
412 3637 447 3689 3,
481 3644 516 3698 19
547 3623 655 3700 utulejlc
696 3638 755 3677 not.
776 3624 845 3677 crit.

177 3716 257 3776 atque
272 3702 373 3778 odiose.
481 3693 487 3705 ⁹
738 3728 814 3760 ariera
831 3704 868 3779 cst
886 3710 962 3758 cuitu.
1006 3707 1177 3781 Explicatio·

217 3807 296 3860 qaam
323 3817 364 3831 -
391 3794 494 3845 aniuiurc
527 3791 653 3845 excludo.
696 3812 759 3844 nem
777 3807 838 3863 pete
855 3790 885 3841 ad
908 3811 931 3849 t,
950 3805 985 3856 5,
1007 3807 1041 3856 15
1062 3792 1177 3871 ficuest
1254 3824 1258 3833 .

180 3867 268 3947 Quam
296 3872 369 3926 refer
397 3874 426 3926 ad
455 3869 604 3951 lyd-airum
624 3877 655 3928 iu
696 3877 829 3952 affl-utica.
845 3875 1000 3927 Eatuvcrbi
1016 3879 1177 3932 lubllautivi

176 3970 292 4031 genere,
320 3974 386 4032 nou
406 3959 440 4012 ad
468 3963 543 4013 lmus.
586 3965 653 4015 Eam
696 3961 851 4035 poteslatcm
879 3959 959 4011 liubcs
985 3960 1008 4026 s.
1032 3978 1068 4014 22
1092 3964 1178 4034 ,quia

176 4039 251 4091 enim
266 4040 410 4094 certissime
425 4043 557 4099 excludit.
696 4043 749 4120 „fit
764 4043 843 4097 rob.“
859 4059 885 4096 et
897 4058 933 4110 23
951 4047 1033 4116 „quia
1043 4046 1105 4123 cffct
1116 4048 1179 4100 cb.‘'

213 4121 357 4199 salutauit.
375 4124 405 4181 h.
421 4145 444 4181 e.
461 4129 546 4182 Dixit
561 4146 656 4183 occur·
697 4130 732 4183 cl.
750 4142 778 4182 ct
798 4148 822 4189 1,
840 4139 869 4200 4,
891 4148 925 4182 rr
943 4129 1039 4203 ‚‚quod
1054 4135 1073 4184 li
1090 4129 1158 4206 cst.u
