2596 4710
333 325 454 403 thT.
483 328 691 400 ORATOR„
718 331 809 399 LIB.
836 329 909 411 111,
940 348 971 392 2.
1074 334 1149 407 435)

146 512 282 586 omnia
307 516 504 613 complexi
529 513 679 602 forent,
718 508 999 592 consuluissent
1017 506 1147 584 labori

145 652 260 703 meo:
298 624 367 703 sed
392 655 509 728 parco
535 630 768 705 nominibus
791 628 1042 730 viventinnu
1077 647 1148 696 ve·

142 744 228 815 niet
249 767 391 817 eorunr
412 745 522 820 laudi
544 744 662 821 suunt
684 761 858 844 tempus:
894 742 944 817 atl
969 737 1147 841 posteros

139 858 251 929 enirn
279 859 406 934 virtus
431 860 606 948 durabit,
642 886 727 935 non
749 859 957 959 perveniet
978 850 1143 929 invidia.

138 970 239 1049 Non
263 989 394 1049 tamen
416 973 501 1073 post
520 992 578 1051 tot
598 1002 641 1048 ac
667 991 794 1051 tantos
810 972 1017 1071 scriptores
1033 971 1191 1069 pige-22

139 1082 201 1159 bit
235 1112 364 1159 meam
393 1091 633 1182 quibusdum
664 1092 761 1165 locis
792 1083 960 1185 posuisse
988 1084 1143 1159 senten·

86 1262 96 1279 .
137 1198 246 1273 tiam.
302 1199 448 1296 Neque
467 1208 576 1275 enirn
591 1230 658 1273 me
673 1199 881 1296 cujusdam
897 1198 1030 1287 sectae,
1056 1198 1141 1273 vel·
1252 1258 1255 1263 .

137 1327 186 1387 ut
203 1311 373 1410 quadam
392 1311 667 1413 superstitione
682 1314 884 1400 imbutus,
916 1312 1070 1389 addixi:
1101 1329 1142 1389 et

137 1428 323 1502 electuris
348 1454 450 1526 quac
469 1432 608 1504 volent
627 1426 805 1503 fitciendu
829 1429 942 1527 copia
966 1424 1063 1513 fuit,
1094 1424 1140 1500 st·
1223 1488 1227 1493 .

137 1559 208 1616 cut
231 1539 313 1641 ipse
336 1544 517 1641 plurinnt
541 1545 586 1618 in
611 1569 741 1619 unum
770 1540 933 1619 consero
955 1543 1139 1631 inventa3

135 1656 372 1755 ubicunque
396 1660 559 1757 ingenio
579 1686 663 1734 non
681 1659 758 1733 crit
781 1660 913 1746 locus,
943 1681 1059 1732 curae
1082 1672 1139 1730 te·

126 1770 369 1849 „stimonium
391 1771 573 1848 meruisl'e
595 1788 814 1850 contentus.

219 1888 266 1959 ΙΙ.
303 1888 391 1960 Nec
415 1886 490 1965 diu
511 1916 585 1965 nos
608 1904 787 1964 moretur
802 1880 997 1987 quaestio,
1028 1892 1140 1991 Quae

131 1999 350 2077 rhetorices
380 2002 494 2101 origo
519 2000 577 2079 stt.
648 2006 756 2077 Nam
781 2006 848 2077 cui
876 2003 1050 2077 dubium
1071 1999 1139 2087 est,

134 2117 235 2216 quin
247 2114 483 2207 sermonem,
513 2118 561 2193 ab
575 2115 658 2219 ipsa
675 2142 811 2194 rerunt
830 2133 982 2204 natura,
1011 2116 1138 2214 geniti

190 2327 347 2403 scriptores.
391 2331 485 2387 Guels.
500 2346 527 2386 et
542 2331 637 2385 Turio.
651 2346 771 2387 auctores
786 2349 849 2385 cnm
860 2327 949 2387 codd.
963 2343 1035 2403 puto
1047 2330 1138 2383 omni·

131 2404 195 2475 bue.
238 2414 314 2468 Voss.
336 2415 410 2470 enim
431 2437 443 2469 ι
463 2432 522 2482 et3
540 2432 644 2470 actores
660 2435 738 2469 error
758 2417 801 2469 est.
844 2411 915 2469 Edtl.
938 2420 1034 2467 contre
1050 2412 1137 2486 pluri-

131 2512 194 2549 mae
208 2513 278 2551 vett.
295 2513 327 2551 ut
344 2515 372 2553 et
385 2502 456 2559 qul.
479 2508 492 2568 (
501 2515 596 2553 contra
613 2518 696 2572 qnam
711 2515 804 2571 narrat
825 2500 926 2565 Gelu.)
963 2496 1059 2572 script.
1082 2496 1137 2550 ele-

130 2581 244 2657 gantius
260 2583 326 2641 sane,
347 2602 410 2636 curn
425 2585 509 2638 modo
524 2584 611 2639 suerit
623 2602 694 2637 aut-e.
718 2585 742 2652 s.
756 2599 804 2637 ει.
827 2582 903 2656 qnod
925 2582 1013 2660 tangit
1035 2584 1133 2634 Burin.

129 2664 175 2719 sed
190 2663 304 2719 hoccine
322 2667 419 2720 snslicit
438 2684 533 2721 contra
550 2664 662 2722 Catu?
844 2668 972 2739 plurium.
1014 2663 1089 2719 Voss.
1114 2678 1133 2731 3

127 2750 274 2823 plurimum
289 2769 352 2802 cnm
367 2751 441 2805 (titt.
455 2768 482 2805 et
495 2751 564 2808 Obr.
581 2764 609 2803 et
624 2751 683 2823 ipsu
695 2769 807 2822 quoque
822 2751 954 2809 Gesnero,
976 2747 1026 2803 ubi
1040 2763 1133 2803 tamen

128 2828 252 2905 splrttlma
275 2834 372 2893 credo,
400 2834 476 2907 quod
498 2835 670 2907 repetierunt
694 2834 855 2907 Bipoutini.
883 2853 946 2888 cum
964 2837 1061 2887 Burni.
1083 2830 1132 2885 det

127 2916 263 2991 plurium,
285 2937 355 2990 qnae
371 2910 408 2972 el't
419 2918 592 2992 reliquorum
613 2917 752 2971 librorum
767 2918 894 2970 omnium
909 2917 1058 2990 scriptura,
1079 2916 1132 2970 nitt

128 2998 208 3073 quod
231 3002 343 3074 possunt
363 3001 457 3056 videri
476 3002 637 3058 Gibsoniani
659 3000 748 3056 Codd.
771 3001 851 3062 dare,
879 3001 955 3073 quod
972 3000 1053 3054 estin
1070 3001 1131 3071 ejus

129 3082 253 3138 editione
268 3085 440 3141 dissentiente
454 3102 544 3142 tamen
553 3085 694 3140 luidensu
736 3085 789 3138 Sed
805 3103 869 3139 vera
880 3084 915 3138 est
930 3097 1045 3157 recepta.

129 3264 224 3306 temen
259 3252 346 3309 obstat
376 3268 437 3308 tum
465 3271 610 3328 paupertas
650 3253 736 3328 praes.
754 3256 807 3327 Qu.
822 3252 846 3321 l.
860 3256 920 3322 ιι.)
934 3270 991 3305 non
1001 3249 1129 3323 equidem

127 3335 180 3391 itta
200 3336 253 3391 vix
275 3336 416 3392 credibilis
433 3338 609 3412 Quintiliani,
650 3338 744 3396 video,
763 3337 1024 3410 eaqueacqttiesctrc
1033 3335 1130 3388 malim

127 3433 192 3475 tunt
209 3419 238 3472 id
253 3440 366 3495 qnoque
386 3427 436 3490 (et
458 3437 542 3500 urget
556 3422 610 3477 ltuc
649 3422 791 3495 prosectu,
820 3440 902 3494 quarn
927 3419 1055 3474 secundas
1077 3422 1129 3485 (an

126 3502 241 3559 Buelint
264 3506 361 3579 Quint.
377 3505 421 3561 lit.
441 3508 509 3574 C·).
531 3506 609 3580 q'uotl
648 3507 757 3581 priores
770 3506 861 3565 ctiam,
883 3524 946 3557 curn
961 3505 1025 3561 Nic.
1041 3502 1130 3557 Anto·

126 3583 309 3643 uullaibisit
327 3591 434 3645 mentio
450 3590 609 3665 disciplinae
648 3590 741 3657 nius)
762 3590 887 3665 nuptias,
923 3588 1024 3649 stliam.
1062 3581 1134 3661 peu·¹

126 3671 343 3745 Quintilianum
365 3674 538 3729 enitraditus
552 3675 611 3731 sne·
652 3688 787 3750 pertatem
821 3671 989 3747 Quintiliani
1018 3676 1131 3747 operoso
1243 3676 1248 3685 “

126 3756 168 3809 rit
180 3754 305 3817 Plinius,
327 3777 381 3831 qut
402 3757 437 3813 de
456 3777 488 3813 re
507 3760 609 3815 constat
651 3757 833 3813 comarurisci.
876 3760 964 3814 Vetus
977 3775 1047 3830 quae
1061 3756 1131 3811 solet

128 3842 274 3914 ceteroqui
296 3842 391 3911 (Plin.
408 3846 480 3917 Epp.
497 3858 532 3904 2,
562 3855 608 3916 ¹4·
651 3842 823 3898 editionibus
837 3840 1132 3916 praemittiQuintilia-

128 3922 149 3977 6
157 3960 167 3985 .
190 3924 227 3987 6,
248 3928 298 3994 5).
341 3926 403 3987 stc,
436 3946 521 3999 quare
542 3928 612 3983 lianc
652 3929 684 3983 ni
699 3926 768 3987 vita.
783 3924 987 3999 hebetqnidern
1001 3926 1131 3995 enltujtte

128 4006 263 4081 Gedoyni
296 4011 500 4080 conjecturam,
542 4030 612 4085 qnae
652 4010 928 4075 silicementionetm
951 4009 993 4064 sed
1014 4013 1133 4085 quaesit

130 4108 245 4147 omnem
259 4094 360 4146 eximit
372 4092 539 4169 soeatpulum.
555 4110 613 4150 ttu-
654 4097 715 4167 ejus
743 4095 905 4159 auctoritas,
946 4110 1005 4150 ιιοιι
1031 4092 1134 4149 intelli·

128 4190 227 4251 tepere
249 4179 414 4235 aversemur·
427 4177 510 4251 (vitt.
530 4180 611 4237 Gelu.
654 4197 702 4260 got
