2596 4710
93 352 98 359 ·
151 368 225 445 ote
388 344 925 441 M.FAB.·QU1NT1L1AN1

153 558 317 619 naturae
351 535 653 613 venerabimur:
694 532 840 608 deinde
875 534 1043 635 proprie
1078 538 1157 611 vim

156 665 371 755 cujusque,
394 667 432 727 et
452 652 635 739 inventa,
665 672 768 748 quae
790 651 890 725 utile
913 650 1073 749 aliquid
1090 651 1157 727 ho·

132 771 337 860 aminibus
357 768 583 842 attulenmt.
620 822 623 827 .
667 766 736 840 Vis
760 764 1007 855 ostenditur,
1049 768 1158 841 utin

157 895 266 974 Jove,
291 880 556 983 regendorum
573 881 759 955 omnium
766 908 777 972 ς
806 882 851 955 in
866 884 1019 969 Marte,
1049 880 1156 969 belli;

156 1004 202 1077 in
221 1002 440 1098 Neptuno,
467 996 604 1070 maris:
642 996 824 1084 inventu,
853 1010 901 1071 ut
922 997 1090 1085 artium,
1114 995 1157 1069 in

155 1116 363 1203 Minerva3
399 1112 630 1200 Mercurio,
666 1112 870 1185 literarum
877 1138 890 1200 3
928 1109 1156 1195 medicinae,

158 1228 366 1328 Apolline;
412 1226 575 1315 Cerere,
621 1222 807 1325 frugum
849 1226 1020 1315 Libero,
1063 1227 1154 1300 vini

159 1349 281 1431 Tum,
304 1338 429 1439 stqua
442 1341 490 1415 ab
508 1342 556 1415 iis
573 1354 656 1413 acta
669 1338 839 1416 vetustas
855 1340 1035 1428 tradidit,
1057 1366 1155 1416 com·

158 1455 428 1533 memoranda.
498 1452 665 1531 Addunt
699 1456 818 1530 etiam
853 1452 933 1531 diis
964 1448 1152 1533 honorent

159 1586 361 1671 parentes,
393 1586 440 1647 ut
459 1567 487 1644 fi
503 1571 593 1669 quis
614 1568 658 1645 lit
679 1566 786 1645 filius
803 1572 930 1652 Iovis:
963 1569 1076 1644 addit
1095 1596 1152 1645 un-

160 1686 343 1785 tiquitas,
370 1700 418 1759 ut
437 1687 506 1775 iis,
534 1686 606 1781 qui
623 1682 716 1759 sunt
731 1710 778 1758 ex
792 1684 923 1775 Chao;
953 1688 1150 1787 progenies

139 1822 344 1897 oquoque,
369 1813 417 1871 ut
432 1798 578 1897 Apollo
604 1824 647 1871 ac
668 1801 797 1873 Diana
815 1804 1002 1877 Latonae.
1061 1806 1149 1879 Lau·

161 1911 340 1988 dandum
359 1914 404 1986 in
422 1911 680 2011 quibusdum,
718 1912 831 2011 quod
850 1916 977 2015 geniti
999 1919 1149 1993 immor·

160 2029 273 2119 tales3
321 2029 366 2103 in
391 2026 649 2128 quibusdam,
689 2029 802 2128 quod
824 2033 1149 2107 immortalitatem

224 2288 342 2359 proprie.
385 2288 428 2339 Ita
443 2283 536 2340 Guelf.
557 2284 652 2340 Turio.
678 2284 749 2353 (nili
769 2284 845 2358 quod
865 2290 1018 2363 propriae)
1037 2287 1106 2345 Alto.
1125 2300 1147 2340 et

159 2366 228 2424 Alli
251 2382 376 2439 utreque.
421 2369 531 2429 Ceteri,
557 2372 594 2423 'ut
617 2370 715 2431 Gelu,
741 2373 888 2442 proprium.
932 2372 987 2427 Sed
1007 2374 1101 2429 otum.
1121 2371 1172 2425 iux

159 2450 233 2507 Add.
248 2464 276 2503 et
288 2449 321 2503 ud
334 2448 460 2506 Decium.
478 2465 526 2511 ια,
550 2465 578 2518 5.
605 2451 673 2506 item
692 2454 771 2509 Geln.
787 2454 905 2509 inAdd.
917 2456 1147 2513 tmdentnolnn

158 2534 341 2608 scripturam,
367 2553 438 2607 quoe
459 2533 538 2589 facile
559 2534 729 2614 intelligitur
748 2556 824 2593 veru.

221 2620 285 2693 aliq.
307 2619 376 2673 hom.
389 2620 547 2674 attulerunt.
591 2621 713 2694 Repolui
725 2619 912 2677 indicativum
930 2624 963 2679 in
976 2642 1030 2683 att.
1044 2622 1144 2684 conell.

159 2702 246 2759 Goth.
264 2702 340 2761 Voti.
360 2723 384 2754 t.
403 2717 431 2757 et
446 2702 508 2757 edd.
525 2717 588 2757 unte
601 2707 741 2759 Stoerium
756 2706 825 2761 mein
840 2706 983 2764 omnibus.
1027 2713 1081 2766 llic
1094 2726 1145 2765 cum

160 2800 275 2839 recentt.
293 2787 443 2841 attulerint.
485 2788 547 2842 Neo
567 2786 666 2841 dubito
688 2790 758 2862 quin
772 2790 811 2851 ii,
841 2793 892 2862 qui
915 2792 1046 2856 silentur,
1069 2793 1145 2852 codd.

159 2868 348 2947 negligentius
369 2869 397 2922 h.
415 2868 433 2923 l.
454 2873 505 2923 lint
527 2870 629 2925 collati.
671 2873 791 2929 Videtur
812 2874 984 2932 hodiernum
1000 2898 1104 2935 morem
1115 2896 1147 2931 re·

160 2953 254 3008 dolere
271 2954 468 3026 conjunctivus
490 2975 524 3007 ex
547 2954 658 3027 obliquo
677 2958 783 3012 rationo
800 2960 952 3031 repetitus,
975 2963 1008 3017 iu
1027 2959 1146 3019 reninis

160 3053 243 3093 cem.
478 3040 585 3111 regeud
610 3045 733 3095 omnium.
785 3044 871 3097 Goth.
892 3048 1005 3118 regeml.
1027 3050 1146 3104 tionum

160 3141 225 3177 eum
246 3126 341 3176 loann.
362 3120 437 3180 Vols.
463 3143 487 3176 1.
509 3138 537 3175 9..
560 3138 588 3176 et
608 3123 669 3177 cdd.
691 3141 753 3179 ante
776 3127 917 3201 Stoerium
939 3131 1029 3195 meis.
1054 3145 1146 3209 praeter

158 3205 240 3267 Ald,
262 3204 411 3265 omnibus,
432 3205 512 3259 solito
533 3225 641 3269 errore;
671 3228 734 3262 narn
756 3211 817 3265 lutis
837 3212 977 3267 firmatam
996 3232 1069 3289 puto
1086 3232 1146 3270 πα·

158 3306 236 3363 ptam
251 3288 411 3344 auctoribus
427 3289 520 3344 Guelf.
537 3292 632 3344 Turio.
649 3291 723 3346 Alm.
745 3293 826 3348 Bodl.
849 3294 910 3349 Bai.
933 3299 1011 3355 Vols.
1030 3314 1059 3369 3.
1074 3304 1145 3356 Beru.

158 3374 266 3434 Verum
281 3390 372 3427 tumen
387 3389 457 3447 puto
473 3374 549 3445 quod
564 3374 626 3428 edd.
641 3392 704 3430 ante
718 3378 857 3432 Stocrium
872 3398 952 3436 meae
965 3382 1034 3439 daut
1049 3402 1147 3441 omnes:

157 3460 339 3530 regundorum
357 3475 409 3532 pro
424 3458 531 3531 regend.
554 3477 711 3533 qumquam
725 3480 741 3515 e
756 3460 845 3517 eodt.
858 3463 936 3519 nihil
950 3468 1075 3527 effertur.

222 3542 292 3597 Tum
305 3544 334 3612 fi
355 3564 417 3616 qua.
460 3543 553 3597 Turio.
571 3557 599 3596 et
617 3542 690 3599 Alm.
718 3546 785 3601 Item
797 3548 821 3613 fi
837 3570 862 3621 q.
905 3551 1013 3607 Utrum
1036 3552 1147 3629 pnelu.

157 3623 216 3696 post
231 3629 244 3677 1
258 3625 433 3699 praesertum
454 3625 485 3679 in
502 3629 573 3687 vini,
595 3628 647 3681 vix
663 3628 747 3684 dicae.
789 3630 835 3683 Est
850 3645 944 3689 temen
959 3636 1033 3693 ordo
1044 3639 1148 3713 quidm

157 3710 290 3781 temporie
304 3710 336 3765 in
347 3709 398 3763 huc
413 3711 629 3772 enumeratione,
652 3713 702 3786 qui
714 3716 891 3771 commendet
910 3719 992 3776 Tum.

212 3792 302 3847 abiis.
344 3797 407 3849 Hoc
420 3813 434 3847 e
448 3793 544 3850 Turic.
565 3795 643 3852 ntm.
666 3798 759 3853 Gucll.
784 3814 812 3853 et
828 3800 871 3856 ed.
886 3800 962 3867 obr.
985 3805 1074 3863 malui
1091 3822 1150 3883 pne

153 3886 308 3929 ceterorum
329 3878 365 3935 ob
386 3880 434 3933 Itis.

190 4078 346 4149 Mertwio,
374 4084 517 4142 literarum.
559 4087 595 4143 cf.
618 4102 647 4157 5,
672 4108 697 4149 1,
720 4098 749 4159 3.
