2750 4800
445 235 787 348 PRAEFATIO.
989 283 1142 337 mru-

114 429 331 528 interemto
355 445 520 531 demum
537 469 807 556 putre,aematre
823 467 955 530 autem
972 453 1018 528 in
1037 453 1119 527 exi·
1245 473 1248 481 ’

113 559 221 663 lium
240 600 340 676 acta,
376 609 399 657 a
423 611 568 686 magno
591 589 794 666 avunculo
818 588 1054 665 Domitiano
1074 588 1121 662 in

113 721 289 798 rhetoris
306 715 433 794 nostri
460 717 709 820 disciplinam
730 720 823 798 sunt
839 723 984 800 traditi.
1041 722 1121 798 Ha·

113 852 302 930 bettane
338 850 451 950 quod
478 850 684 954 displiceat
716 857 850 934 honor
873 833 955 935 ‘iste
985 882 1071 935 non
1098 880 1120 928 a

114 986 316 1088 discipulo
348 985 544 1086 quaelitus
573 989 834 1092 Quintiliano,
861 987 930 1068 led
951 993 999 1068 ab
1017 999 1121 1088 ejus·

8 1151 12 1162 ·
111 1122 212 1198 dem
231 1137 358 1222 patre,
403 1097 637 1220 etquidem
664 1138 875 1224 antequam
909 1122 1041 1204 filiurn
1072 1126 1120 1201 ab
1213 1214 1215 1218 ,

114 1255 196 1334 hoo
224 1271 478 1356 praeceptore
503 1253 730 1334 institutum
762 1260 816 1334 iri
842 1255 978 1336 nollet.
1003 1279 1010 1345 ζ
1043 1257 1121 1336 Sed

115 1389 219 1490 quid
249 1391 439 1492 impedit,
475 1415 559 1491 quo
585 1393 720 1470 minus
745 1390 827 1502 ipse
847 1394 1008 1469 Flavius
1030 1395 1123 1472 Cle·

111 1549 251 1615 rnens,
295 1525 445 1602 horum
473 1551 694 1629 puerorum
718 1543 855 1630 pater,
901 1525 1125 1629 discipulus

113 1657 242 1736 fuerit
270 1663 510 1766 Quintiliani
537 1664 655 1763 eique
680 1662 759 1740 hoc
789 1663 910 1740 decus
935 1664 1124 1763 impetra-

58 1852 61 1863 .
114 1798 242 1885 verit,
268 1798 500 1896 cumgratia
520 1795 682 1872 floreret
699 1775 788 1898 ipse·
802 1797 910 1900 apud
923 1799 1120 1876 Domitia-

113 1955 217 2006 num
238 1900 486 2031 patruelem?
510 1909 570 2008 'In
592 1933 666 2007 hac
682 1958 777 2034 ergo
796 1934 949 2010 ratione
965 1929 1120 2010 Consu·
1222 1961 1227 1969 ¹

115 2065 267 2140 laribus
312 2069 553 2146 ornamentis
588 2065 896 2146 condecoratum
928 2065 1118 2148 habemus

35 2227 38 2232 ·
114 2199 319 2310 rhetorem
352 2203 469 2276 etiarn
502 2215 715 2308 antequam
744 2204 949 2303 principes*
971 2225 1118 2302 pueros
1174 2235 1180 2250 ¹

113 2334 344 2413 educandos
366 2331 576 2436 accepillet,
604 2333 760 2413 fortalle
781 2353 990 2438 antequam
1016 2360 1120 2438 opus

115 2469 194 2546 hoc
219 2468 402 2548 nostrum
428 2472 643 2548 inchoaret.
702 2477 752 2548 Et
774 2469 865 2548 lane
888 2469 996 2548 filius
1021 2463 1118 2565 eju's,
1203 2557 1209 2580 ς

116 2605 217 2680 dum
237 2620 348 2705 pater
374 2603 491 2682 hosce
514 2608 639 2685 libros
666 2608 891 2706 componit,
922 2621 1119 2696 mortuus,

116 2737 338 2836 „consulari
361 2767 494 2840 nuper
514 2743 729 2844 adoptione
753 2740 803 2815 ad
829 2742 1014 2818 omnium
1032 2739 1118 2843 spes

115 2875 344 2972 „honorum
362 2877 484 2974 patris
504 2877 711 2954 admotus“
741 2876 890 2952 dicitur
912 2902 934 2950 a
955 2893 1119 2978 parente

115 3009 186 3093 lib.
207 3015 244 3084 6.
273 3013 452 3085 Prooem.
483 3029 544 3098 13.
603 3012 680 3088 Sed
702 3027 820 3110 pater
841 3013 913 3087 ille
935 3009 1116 3112 profecto

116 3143 171 3220 est
202 3143 432 3246 adoptivus,
476 3163 516 3220 et
542 3170 595 3222 na
632 3163 734 3222 certa
758 3147 925 3247 quidem
946 3144 1001 3222 est
1024 3143 1117 3220 scri·

115 3295 232 3382 ptura
251 3280 374 3374 hujus
394 3283 516 3358 vocis.
583 3286 630 3360 In
654 3297 764 3358 tanto
786 3283 992 3358 honorum
1011 3275 1116 3354 fasti·

116 3417 182 3514 gio
207 3415 422 3492 collocatus
446 3418 575 3493 oblata
599 3442 622 3490 a
643 3415 776 3490 Plinio
796 3419 829 3490 L
847 3416 974 3490 millia
996 3439 1111 3490 num·

117 3571 230 3625 mum
250 3552 319 3626 vix
340 3552 476 3652 potuit
502 3533 587 3628 ndn
611 3547 832 3650 indignari,
860 3547 928 3626 led
949 3575 1002 3626 ne
1025 3549 1116 3627 ido·

118 3705 215 3760 neus
241 3685 406 3786 quidem
431 3687 615 3774 videtur,
662 3686 735 3783 qui
765 3686 997 3768 aluvenale
1032 3701 1116 3759 tan·

118 3841 235 3916 quam
259 3834 488 3924 temporum
509 3820 675 3899 snorum
691 3817 843 3921 inligne
865 3819 1003 3902 divitis
1024 3819 1115 3896 rhe-

116 3953 212 4030 toris
239 3958 466 4061 exemplum
485 3955 711 4036 ostentetur.
771 3953 909 4033 Refert
935 3957 1044 4034 enim
1065 3951 1115 4028 ad

730 4117 752 4168 c
