2878 4812
249 353 322 436 aa
483 350 1006 445 M.FAB.QU1NT1L1AN1

250 535 337 612 ciali
363 552 496 616 autem
513 541 674 614 materia
695 536 911 640 dupliciter
925 535 1153 640 accipienda
1173 535 1262 613 est:

251 650 374 728 altero
391 654 526 744 modo,
555 681 638 756 quo
653 654 824 730 dicimus
838 657 982 730 multas
1003 653 1267 754 quaestiones

256 765 401 841 habere
430 769 756 860 controverliam‚
810 795 891 870 quo
925 772 1044 844 etium
1075 771 1266 845 minores

256 907 393 958 omnes
418 885 737 986 complectimur:
776 886 920 974 altero,
953 911 1037 985 quo
1067 881 1268 984 fignifica-

254 1021 343 1071 mus
354 995 548 1076 summam
560 1002 682 1090 illam,
711 1002 756 1076 in
770 1026 849 1102 qua
862 997 973 1076 causa
991 1001 1171 1076 vertitur.
1202 999 1266 1074 de

252 1109 324 1184 hac
340 1137 448 1190 nunc
466 1114 636 1216 loquor,
666 1142 713 1193 ex
728 1142 806 1216 qua
828 1114 999 1192 nascitur
1019 1115 1158 1205 status,
1184 1115 1271 1190 Aa

166 1251 171 1262 ·
250 1221 402 1326 factam
427 1227 501 1304 fit?
544 1233 653 1344 Quid
669 1229 830 1338 factam
853 1230 924 1307 sit?
966 1232 1038 1308 Aa
1059 1247 1159 1306 recte
1175 1223 1266 1335 fa·

227 1355 351 1417 actam
375 1339 444 1417 fit?
487 1351 564 1422 Has
592 1355 869 1448 Hermagoras,
911 1361 951 1422 et
971 1345 1266 1446 Apollodorus,

253 1471 291 1527 et
317 1458 385 1532 alii
410 1459 578 1558 plurimi
604 1461 813 1563 scriptores
826 1463 988 1562 proprie
1013 1455 1266 1566 quaestiones

253 1589 418 1664 vocant;
457 1575 697 1654 Theodorus
719 1581 790 1675 (ut
806 1577 918 1676 dixi)
941 1583 1072 1676 capita
1089 1601 1266 1682 genera·

253 1683 325 1776 lia,
355 1685 452 1762 ficut
476 1691 563 1766 illas
582 1695 775 1780 minores,
807 1709 876 1768 aut
903 1717 951 1766 ex
973 1693 1055 1767 illis
1079 1689 1266 1792 pendeu-

252 1814 319 1886 tes,
338 1799 542 1907 specialia.
601 1809 705 1880 Nam
723 1795 762 1879 et
779 1805 1051 1905 quaestionem
1071 1831 1117 1881 ex
1134 1829 1265 1906 quae-

252 1910 378 1989 stione
398 1915 515 2006 nasci,
544 1933 583 1994 et
602 1901 774 2020 speciem
791 1923 840 1995 in·
855 1919 1002 2022 species
1017 1920 1147 1996 dividi
1162 1946 1266 1998 con·

229 2031 379 2116 avenit.
439 2037 551 2108 Hanc
574 2036 696 2136 igitur
712 2019 983 2137 quaestionem
997 2037 1127 2112 veluti
1148 2039 1265 2138 prin·
1377 2043 1383 2052 ’

253 2146 420 2245 cipalem
439 2166 582 2226 vocant
600 2149 744 2252 <iriam
802 2153 923 2227 Ratio
933 2167 1066 2226 autem
1082 2149 1150 2242 est,
1181 2177 1263 2252 qua

252 2260 309 2353 id,
342 2261 453 2360 quod
471 2263 620 2338 factum
634 2262 707 2340 effe
722 2265 882 2358 constat,
911 2265 1153 2342 defenditur.
1209 2271 1263 2340 Et

142 2433 150 2440 .
254 2399 326 2450 cur
350 2401 434 2450 non
462 2393 622 2454 utamur
647 2379 809 2474 eodem,
865 2408 946 2482 quo
974 2379 1064 2456 sunt
1090 2380 1149 2458 usi
1175 2379 1262 2456 fere

254 2511 413 2579 omnes,
456 2495 663 2591 exemplo?
727 2489 885 2600 Orestes
914 2511 1076 2571 matrem
1104 2498 1266 2574 occidit.-

187 2598 195 2611 '
234 2603 333 2700 ¹hoc
356 2603 514 2682 constat.
551 2608 648 2683 dicit
657 2604 710 2719 se
722 2605 832 2716 juste
846 2605 1013 2723 feciffe:
1042 2610 1162 2688 status
1184 2613 1264 2686 crit

255 2719 462 2820 qualitatis.
491 2723 690 2821 quaestio,
727 2729 797 2800 Aa
816 2721 923 2832 jaste
934 2722 1111 2832 jecerit?
1147 2728 1263 2818 ratio,

255 2835 361 2936 quod
384 2833 695 2945 Clytaemnestra
727 2846 907 2916 maritam
925 2835 1066 2950 sirum,
1104 2857 1263 2940 patrem

260 2941 427 3054 Oresta,
462 2955 615 3028 occidit.-
650 2955 728 3032 hoc
756 2963 857 3034 atrior
887 2955 1044 3034 dicitur.
1082 2958 1323 3062 agatimerum

257 3083 391 3144 autem
409 3067 618 3168 judicatio,
653 3071 724 3147 Aa
749 3076 962 3168 oportuerit
983 3072 1051 3148 oei
1069 3089 1265 3150 nocentem

320 3320 364 3374 Aa
376 3313 449 3392 Ιαιι.
468 3348 510 3364 -·
533 3333 603 3376 roceo
612 3317 640 3395 Ι.
650 3317 677 3395 Ι.
719 3319 788 3376 Duo
804 3317 938 3396 postrema
954 3321 1113 3378 omittentes
1133 3313 1182 3378 tib'i
1197 3339 1264 3376 con-

258 3399 327 3458 flant
343 3403 416 3458 Abu·
433 3417 461 3458 et
474 3405 571 3460 Turio.
757 3405 852 3480 quaid
866 3407 949 3481 qaod.
993 3408 1088 3462 Turic.
1104 3412 1169 3482 qaia
1190 3405 1265 3480 qaod

257 3506 323 3542 aum
340 3484 413 3544 Alm.
497 3515 498 3520 ¹
623 3487 775 3565 Clytaema.
791 3492 879 3546 orarit.
921 3491 1017 3546 Turic.
1036 3491 1266 3566 etagamu-

259 3592 318 3626 nom
338 3591 403 3627 arar.
431 3589 495 3626 cum
516 3571 600 3628 Botll.
625 3591 681 3627 uon
704 3572 779 3626 Alm.

238 3721 240 3728 y
320 3671 408 3728 oport.
430 3655 474 3712 ael
493 3675 551 3712 noc.
592 3657 678 3712 Goth.
710 3657 782 3726 (tac.
813 3631 917 3734 Geta)
945 3657 1055 3716 omittit
1080 3657 1144 3722 vel,
1179 3671 1213 3714 ut
1235 3671 1264 3712 et

258 3739 334 3800 Voss.
350 3756 378 3795 2.
401 3761 464 3798 cum
483 3740 630 3796 sententiae
652 3741 830 3798 detrimento.

307 3937 410 3994 Theod.
427 3953 454 3994 at
472 3941 542 3996 dixi.
579 3955 606 4010 5.
622 3939 651 4002 6.
665 3955 693 3995 t.
710 3952 739 4010 5.
780 3935 875 4004 „taciti
897 3953 925 3995 et
952 3941 1116 4015 pervulgato
1134 3937 1263 4014 exemplo

261 4019 296 4078 cl.
313 4021 373 4094 huj.
389 4041 446 4098 cap.
462 4023 487 4092 ᾗ.
502 4019 553 4080 ¹26.
781 4025 987 4089 ..conlisumutt
1047 4023 1181 4102 Orrfiw
1210 4039 1262 4078 cot.

302 4105 342 4184 “fi
357 4135 397 4152 --
413 4129 509 4164 omnes.
531 4107 592 4164 vid.
608 4107 741 4168 Ciclnv.
782 4111 859 4166 Idem
883 4109 1051 4190 exemplum·
1065 4109 1139 4184 :prid
1154 4109 1262 4166 notuit

265 4211 298 4252 ι.
323 4207 369 4260 ²5·
398 4207 449 4256 ..ut
469 4191 588 4250 docendi
613 4195 690 4250 ocula
711 4194 747 4248 ia
784 4193 804 4252 Ι.
823 4214 846 4250 c.
