2596 4710
311 330 432 398 nrsr.
461 280 669 397 onnon.
696 327 787 395 ΠΒ.
809 328 884 414 111,
919 334 952 401 c.
1059 352 1132 419 μς
1245 394 1250 407 .

131 520 240 619 gotis,
270 516 348 590 hoc
370 533 500 589 tamen
523 516 764 614 complexus,
792 518 862 590 vix
875 519 918 591 in
935 521 1017 594 ulla
1038 548 1133 597 con·

131 630 320 709 troversia
353 633 618 707 translationis
647 627 789 705 statum
821 629 927 732 poffe
953 638 1132 735 reperiri,

131 764 178 823 ut
206 774 291 823 non
315 764 353 821 et
379 749 479 822 alius
504 750 548 821 iu
569 745 705 819 eadem
736 763 840 821 recte
870 747 950 823 dici
974 750 1132 825 videre·
1158 840 1161 845 ,

131 881 217 937 tur:
264 862 438 961 ideoque
475 889 496 934 a
529 862 767 961 quibusdam
793 888 888 938 enm
914 863 1130 941 exclusum.

129 981 276 1076 Neque
291 980 433 1077 ignoro
450 979 575 1053 multa
591 976 805 1065 transferri,
834 1005 928 1053 curn
942 982 985 1055 in
1000 981 1178 1059 omni-⁶9

129 1094 205 1169 bus
227 1091 310 1167 fere
327 1091 468 1181 causis,
497 1096 540 1166 in
564 1094 712 1192 quibus
730 1090 908 1169 cecidiffe
932 1099 1023 1196 quis
1049 1094 1134 1173 for-

128 1211 241 1283 mula
254 1209 421 1298 dicitur,
457 1208 532 1282 hae
553 1206 628 1281 siut
643 1207 909 1306 quaestiones,
944 1213 1014 1286 An
1036 1211 1132 1299 inric,

130 1351 183 1398 ruz
209 1352 292 1397 cum
319 1323 408 1412 hoc,
442 1350 493 1397 an
514 1321 586 1397 hac
609 1323 717 1427 lego,
750 1352 801 1397 nn
816 1327 925 1423 apud
944 1325 1051 1416 Jmnc,
1081 1356 1134 1401 nu

130 1439 201 1514 hoc
224 1456 396 1538 tempore
420 1439 533 1512 liceat
550 1441 700 1545 ogere?
730 1455 768 1512 et
784 1436 811 1511 fi
828 1467 906 1539 qua
921 1439 1013 1515 sunt
1029 1444 1129 1516 tulin.

131 1553 208 1631 Sed
231 1553 438 1655 personae,
471 1569 668 1653 tempora,
704 1557 895 1643 actiones,
925 1572 1131 1659 ceteraque
1141 1580 1180 1635 70

130 1686 294 1771 propter
320 1672 496 1770 aliquam
533 1667 687 1743 causam
721 1668 1033 1756 transferuntur:
1080 1675 1134 1747 ito

129 1810 217 1859 non
244 1783 366 1859 estin
392 1785 645 1860 translatione
674 1782 870 1882 quaestio,
917 1784 1051 1861 sedin
1073 1812 1135 1876 eo,

115 1915 296 2000 ·propter
336 1900 448 1996 quod
491 1897 793 1972 transferuntur.
880 1903 981 1975 Non
1023 1899 1136 1976 debes

129 2015 241 2112 apnd
260 2015 488 2088 Praetorem
513 2027 649 2111 petere
663 2006 1019 2125 fideicommrffnm,
1055 2010 1138 2125 sed

189 2264 240 2316 cix
261 2264 288 2317 in
303 2261 377 2335 olla.
420 2258 518 2315 Turio.
544 2261 605 2316 dixi
626 2264 652 2314 iu
673 2261 730 2315 nra.
773 2259 848 2315 Alm.
870 2261 898 2317 d.
917 2265 935 2315 ι’.
958 2261 1024 2316 ulia.
1067 2259 1137 2323 Soli.

131 2346 164 2401 ni
185 2345 277 2401 fallor.
313 2346 347 2400 cf.
373 2345 458 2399 modo
483 2347 507 2413 u.
530 2344 570 2399 66
600 2349 625 2399 in
646 2366 690 2419 qn.
712 2343 787 2420 spec.

197 2433 289 2485 eadem
301 2447 378 2486 recte.
421 2429 515 2483 Guelf.
531 2430 624 2484 eadem
641 2450 668 2485 re
684 2446 767 2490 recte,
789 2424 903 2504 pessimo
915 2427 1062 2509 repetendi
1077 2427 1138 2485 lite·

132 2532 293 2571 menore.
337 2512 422 2570 Goth.
447 2519 516 2582 (tac.
532 2513 634 2584 Geso.)
654 2515 755 2573 eodem,
775 2510 846 2567 male
863 2527 890 2564 ot
905 2514 969 2586 ipse.

203 2602 230 2653 in
247 2599 429 2653 translatione.
473 2596 548 2653 Alm.
572 2601 599 2652 in
622 2598 779 2664 translatio,
810 2594 884 2651 unde
898 2596 1030 2651 Francius
1051 2594 1146 2649 efficit'

132 2686 322 2746 intrandam,
344 2702 401 2739 nou
415 2681 503 2738 male:
530 2681 574 2737 [ed
586 2682 616 2736 in
632 2683 727 2738 Turic.
745 2681 903 2742 numiano,
925 2680 1027 2753 abique
1049 2683 1077 2735 in
1099 2681 1134 2734 cf.

130 2767 157 2839 ι
181 2766 231 2839 ⁶8·

174 2985 294 3064 cecide'ffc
318 3015 359 3029 -
383 2982 515 3057 formula.
569 2985 615 3038 De
656 2983 754 3038 stitutt.
780 2993 810 3056 4.
832 2984 875 3037 tit.
898 2981 925 3037 6.
954 2987 978 3054 ᾖ.
1001 3000 1053 3063 32,
1087 2985 1134 3046 ..Si

132 3068 185 3126 hac
201 3071 342 3125 locutione
355 3070 460 3124 tirones
473 3067 615 3123 consulant

132 3153 236 3209 Lexico
258 3156 287 3206 in
299 3155 431 3230 formula.
475 3158 615 3207 Praeterea

100 3298 104 3303 ,
133 3239 301 3293 Torrentius
337 3259 395 3292 corn
428 3236 544 3291 illustrat
580 3236 614 3290 od

133 3325 211 3376 Suet.
234 3321 331 3378 Claud.
361 3333 396 3395 ¹4
420 3328 496 3389 <non
520 3331 559 3393 24
581 3336 615 3375 ut

132 3408 271 3474 Burm.);
304 3408 384 3461 etiam
405 3408 559 3461 Briffoniui
582 3406 615 3460 rio

132 3490 223 3545 vorbi).
242 3489 340 3567 fignis.
364 3492 394 3544 in
417 3493 527 3552 cadere,
564 3490 615 3564 qui

131 3573 226 3628 locum
242 3575 320 3628 offert
333 3575 509 3630 eDoclarnrn.
518 3575 614 3648 Quint.

133 3672 194 3725 350
218 3678 246 3732 P·
261 3660 323 3733 ssip·
340 3670 401 3737 544
421 3680 504 3734 quern
527 3659 615 3713 moni-

657 3069 738 3141 „quis
750 3085 831 3147 ogeru
844 3068 1001 3123 intentione
1017 3072 1062 3126 fua
1071 3067 1135 3141 plus

657 3152 838 3226 „complexus
867 3152 958 3207 fuerat
986 3172 1069 3227 quarn
1101 3152 1135 3205 nd

656 3256 738 3297 „cunr
762 3235 933 3311 pertinebat}
961 3241 1036 3292 causo
1060 3236 1135 3290 code·

655 3321 730 3382 „bnt⁸
747 3322 776 3374 id
790 3322 826 3375 est
838 3341 896 3375 rem
911 3322 1063 3379 omittebat.
1084 3340 1136 3375 neo

656 3405 754 3468 „facile
770 3407 800 3459 in
814 3407 955 3482 integrum
979 3403 1136 3460 restitueba-

656 3505 723 3552 „tur
753 3510 766 3543 o
791 3505 932 3563 praetore.
967 3490 1018 3544 nifi
1040 3489 1134 3545 minor

655 3589 732 3637 „erut
750 3576 828 3627 anuis
846 3576 959 3631 XXV·“

699 3660 747 3713 hae
776 3688 818 3701 -
847 3657 1022 3733 quaestiones.
1060 3653 1134 3714 Vide

131 3742 201 3797 festo
210 3758 374 3816 corruptum
390 3745 499 3822 egregie
511 3759 540 3800 ct
555 3744 614 3819 ipso
656 3745 781 3816 enipius
797 3743 854 3798 Cic.
875 3744 909 3796 de
924 3747 986 3796 inv.
1008 3758 1033 3802 ι,
1046 3748 1076 3809 8.
1098 3741 1131 3794 it.

132 3826 281 3882 Gronovio
297 3827 398 3882 melius
413 3828 538 3908 corrigit.
567 3828 613 3883 sic
652 3828 678 3898 u.
696 3840 746 3893 52.

132 3911 208 3965 enirn
234 3913 392 3989 constituit:
429 3926 479 3973 „ut
507 3915 612 3988 petitor

688 3908 921 3987 fideicommrffum
957 3934 1002 3953 -·-
1036 3910 1130 3978 major.

128 3995 279 4059 „excidiffo
317 3994 436 4051 formula
469 4012 497 4051 ct
523 3995 612 4057 iliter,
653 3995 713 4050 vid.
734 3995 867 4049 Iustitrut.
888 3991 937 4048 lib.
961 4008 990 4050 Β.
1013 3992 1056 4051 tit·
1082 4004 1131 4059 αὖ.

127 4099 232 4154 „quarn
259 4080 400 4153 potuerit,
436 4100 517 4157 ogero
540 4081 612 4135 dica-
653 4080 678 4148 5.
699 4098 723 4133 ι.
765 4077 894 4152 „Quibus
914 4106 955 4122 -
974 4094 1032 4133 non
1057 4091 1134 4151 pote·

125 4176 223 4226 ..tur.‘·
265 4164 392 4219 Maximo
412 4163 467 4217 huc
489 4165 612 4219 socitln·
652 4178 735 4226 „rant
764 4161 948 4219 hereditatem
970 4160 1019 4219 vol
1043 4159 1131 4237 legar·
