2596 4710
194 363 265 441 260
423 360 480 431 Μ
507 318 616 430 riu
637 358 953 454 ocurrunur

275 552 321 626 Π.
351 552 458 650 Ergo
476 573 569 624 cum
592 546 642 620 ad
665 572 728 623 eas
751 548 796 621 in
821 544 959 622 studiis
976 547 1083 623 vires
1105 570 1266 647 per-130

192 668 349 745 venerit
371 688 492 764 puer,
520 679 584 751 ut,
612 688 713 763 quae
740 664 869 763 prima
895 658 968 734 effe
990 678 1200 762 praecepta

191 782 402 864 rhetorum
439 778 635 866 diximus,
668 792 801 853 mente
838 758 1029 876 consequi
1065 776 1198 877 poffit,

190 893 408 972 tradendus
435 900 520 986 ejus
550 895 641 969 artis
669 890 861 993 magistris
888 893 972 966 erit.
1016 898 1198 993 quorum

167 1012 239 1087 nin
259 1013 400 1112 primis
425 1007 565 1109 inspici
585 1034 716 1084 mores
738 1007 949 1109 oportebit,
983 1006 1098 1108 quod
1119 1032 1196 1108 ego

191 1151 278 1204 non
303 1128 447 1227 iccirco
476 1123 715 1224 potiffimum
734 1125 777 1196 in
799 1122 872 1195 hac
895 1138 1005 1221 parte
1031 1138 1195 1197 tractare

191 1238 281 1317 sum
307 1236 518 1340 aggreffus,
549 1241 757 1339 quianon
786 1239 831 1312 in
860 1241 997 1313 ceteris
1027 1262 1195 1338 quoque

191 1354 423 1432 doctoribus
445 1353 555 1427 idem
578 1353 655 1428 hoc
675 1352 978 1427 examinandum
994 1379 1116 1452 quam
1133 1353 1196 1426 di-

192 1469 437 1570 ligentissime
468 1485 624 1568 putem,
659 1465 755 1543 ficut
785 1465 942 1544 testatus
971 1466 1060 1544 sum
1086 1468 1194 1544 libro

191 1587 345 1686 priore:
376 1580 444 1657 ted
472 1581 584 1681 quod
606 1584 729 1682 magis
754 1579 1001 1658 neceffariam
1024 1588 1110 1679 ejus
1134 1585 1197 1658 rei

163 1701 440 1793 mentionem
454 1695 549 1772 facit
564 1715 665 1785 aetas
684 1696 765 1797 ipsu
779 1694 1025 1775 discentium.
1084 1698 1195 1774 Nam

116 1802 121 1812 ⁸
190 1830 232 1890 et
250 1814 378 1889 adulti
395 1810 480 1887 fere
497 1814 614 1912 pueri
629 1811 679 1885 ad
697 1812 772 1888 hos
785 1810 1054 1914 praeceptores
1069 1829 1196 1888 unns·

189 1928 396 2017 feruntut,
420 1944 460 2002 et
473 1926 580 2030 apud
597 1952 664 2004 eos
677 1932 842 2022 juvenes
860 1931 979 2004 etiam
989 1926 1083 2003 facti
1102 1952 1196 2029 per-

189 2041 388 2133 severant,
415 2042 591 2143 ideoque
608 2048 734 2135 major
750 2043 974 2118 adhibenda
993 2061 1080 2120 tum
1098 2068 1196 2119 cura

190 2158 264 2235 est:
296 2176 342 2236 ut
357 2173 396 2232 et
411 2161 628 2234 teneriores
645 2183 769 2234 annos
786 2161 834 2232 ab
851 2160 998 2252 injuria
1014 2156 1195 2235 sanctitas

190 2274 370 2351 docentis
387 2272 599 2360 custodiat,
620 2290 658 2346 et
672 2270 885 2349 ferociores
898 2299 920 2346 a
932 2276 1091 2349 licentia
1106 2299 1195 2373 gra·

163 2390 292 2470 tritas
311 2387 512 2462 deterreat.
549 2390 694 2487 Neque
709 2414 807 2464 vero
823 2387 910 2464 tatis
927 2388 981 2463 est
997 2387 1194 2466 summam

188 2501 380 2605 praestare
408 2501 696 2592 abstinentiam,
724 2502 798 2577 nisi
827 2503 1055 2604 disciplinae
1083 2500 1192 2579 seve·

187 2620 303 2697 ritate
335 2619 664 2693 convenientium
699 2644 861 2718 quoque
896 2619 945 2693 ud
982 2616 1023 2693 se
1059 2644 1194 2695 mores

189 2731 419 2809 astrinxerit
477 2735 613 2809 Sumat
626 2734 749 2831 igitur
766 2750 854 2808 ante
871 2734 1006 2810 omnia
1019 2738 1194 2834 parentio

188 2873 280 2948 erga
297 2846 512 2947 discipulos
528 2846 618 2924 suos
636 2849 833 2936 animum,
861 2874 904 2922 ac
924 2846 1133 2923 succedere
1152 2847 1192 2925 se

82 3014 85 3019 -
185 2964 394 3044 incorum
417 2962 573 3052 locum,
606 2965 793 3061 aquibus
811 2962 881 3038 fibi
901 2964 1018 3038 liberi
1035 2963 1193 3041 tradan-

245 3176 302 3255 fibi
314 3206 356 3221 -·
371 3176 520 3232 mameae,
542 3178 584 3230 Ita
598 3176 690 3232 Gttelf.
707 3196 770 3231 cunt
779 3178 874 3233 Turio.
881 3178 956 3233 Alm.
971 3193 999 3233 et
1013 3176 1111 3233 multis
1125 3176 1190 3234 edd.

186 3275 258 3316 vett.
281 3258 411 3336 (praeter
426 3262 587 3315 Brumanuo
605 3277 785 3316 memoratas:
806 3264 878 3320 Jcns.
893 3265 978 3317 Torv.
994 3266 1091 3321 Venet.
1107 3264 1191 3318 Rufe.

185 3344 269 3414 Bad.)
282 3345 424 3425 fltgitrntt
438 3340 576 3399 latinitate
591 3343 627 3400 ob
637 3344 700 3421 fibi.
732 3348 812 3401 Geso.
827 3366 891 3401 cum
907 3359 1021 3401 recentt.
1037 3347 1191 3403 traduntur.

229 3511 299 3567 libro
313 3516 411 3587 priore.
433 3511 468 3568 of.
485 3526 513 3574 2,
533 3520 561 3580 5.
751 3533 836 3570 mores
848 3510 1014 3585 astrinxerit.
1058 3513 1135 3568 cave
1151 3510 1192 3567 ad

230 3596 266 3649 ab
282 3599 398 3666 injecta·
409 3597 443 3651 cf.
463 3616 487 3657 ι,
505 3610 533 3663 3,
551 3596 597 3652 16.
620 3610 665 3663 ¹7·
705 3594 737 3670 se
759 3597 849 3651 trahas
863 3596 897 3649 ad
910 3594 1041 3671 ustrinae..
1064 3598 1191 3671 pertinet

186 3691 215 3731 et
238 3678 296 3751 huj.
319 3679 367 3753 ips.
392 3699 450 3754 cup.
472 3681 518 3749 M.
545 3689 591 3753 ¹4·
619 3693 664 3747 15.
707 3680 967 3736 adconveuientium.
983 3680 1190 3755 astringmop-

184 3760 218 3815 it.
239 3781 284 3822 tt,
301 3783 326 3823 1,
342 3777 382 3836 ω
405 3767 444 3825 „fi
458 3764 491 3819 de
506 3778 599 3819 morte
613 3763 666 3818 filii
705 3766 824 3837 ponitur
845 3763 1025 3818 diffolvendir
1048 3764 1188 3819 motibus.

183 3846 259 3905 ..[ιιί,
281 3846 327 3900 vel
345 3851 460 3918 injuria,
480 3868 550 3921 quae
571 3862 663 3902 morte
705 3851 764 3908 Itu,
793 3849 837 3902 sod
860 3848 915 3902 olio
943 3847 1072 3903 destinata
1099 3862 1189 3902 nunt·

183 3930 235 3990 „tit
262 3932 393 4005 gravior,
420 3931 567 3986 dicendum
588 3932 663 4007 patri
703 3930 823 3993 latione,
849 3952 901 3992 10,
925 3944 960 4003 4.
987 3954 999 3984 1
1024 3934 1190 3988 luxurantia

181 4013 316 4075 „turim
343 4014 661 4089 11).Μᾲ,,ιι1)ἰςιιίε
702 4013 859 4091 astringere.
901 4017 1036 4071 Similiter
1050 4017 1117 4071 Liv.
1135 4031 1189 4091 59,

179 4096 326 4171 „pudent
336 4100 473 4173 queritur,
483 4115 512 4153 ut
524 4100 659 4177 stuprum,
704 4122 731 4160 ι,
749 4099 768 4154 6
789 4103 889 4174 „inops
903 4102 999 4178 regio,
1020 4120 1089 4174 quae
1103 4104 1187 4175 parti·
1241 4141 1247 4151 -

178 4183 342 4261 ‚,ptteoipuo
355 4181 554 4242 iumuibut.“
698 4180 812 4249 ‚nitouit
852 4183 1011 4265 astringeret
1051 4183 1188 4243 militm·
