2596 4710
119 358 122 363 ,
153 303 266 355 mn
483 280 823 355 PRAE'FATIO.

145 455 334 578 'repetitis
359 472 464 549 curis
485 469 682 572 perpendi
709 474 881 546 rationes
911 465 1160 573 Dodwellia·

154 637 227 689 nas
262 610 436 713 (quibus
469 606 571 701 adde
608 632 709 707 quae
746 604 918 708 disputat
955 605 1160 685 Salmasius

154 751 291 827 Exere.
314 746 415 822 Plin
444 765 481 844 p.
506 748 629 843 520.)
658 739 885 844 praesertim
912 743 957 815 in
987 743 1078 820 loco
1109 741 1163 819 de

31 904 65 991 Ἰ
103 935 104 939 =
156 898 280 957 aetate
308 878 527 966 luvenalis,
566 893 727 979 apparet
754 877 877 973 huius
904 883 1045 978 politae
1070 876 1163 955 lati·
1179 926 1195 939 ,

131 1043 241 1095 sam
275 1013 481 1117 septimam
517 1015 587 1089 vix
618 1009 787 1114 potuille
822 1010 941 1091 scribi
976 1011 1050 1088 nist
1084 1012 1160 1090 [ub

153 1152 370 1231 Hadriano.
441 1151 547 1225 Haec
574 1150 698 1247 igitur
718 1143 832 1221 satira
859 1171 953 1221 cum
981 1147 1163 1228 ostendat

20 1264 24 1271 ¹
155 1288 456 1394 Quintilianum
482 1278 723 1361 affluentem,
740 1281 886 1379 opibus
914 1297 954 1355 et
980 1283 1164 1359 consula·

153 1447 262 1510 rem,
292 1441 469 1516 eumque
495 1417 603 1490 inter
631 1417 749 1490 vivos
774 1412 905 1490 adbuc
928 1415 1164 1509 versantem,

152 1553 270 1631 facile
285 1551 397 1654 pollis
412 1549 561 1625 adduci
575 1566 623 1625 ut
641 1545 765 1624 ieram
782 1549 915 1626 credas
932 1549 1044 1627 istam
1061 1579 1164 1654 opu-

153 1690 334 1776 lentiam
355 1709 457 1786 quae
476 1682 562 1759 seni
574 1689 734 1784 jamque
755 1689 954 1791 morituro
971 1684 1160 1787 superve-

152 1826 281 1913 nerit,
309 1819 383 1898 nili
404 1819 509 1897 forte
526 1818 604 1896 boc
623 1816 708 1919 ipso
729 1823 792 1910 uti
810 1819 976 1896 debebat
990 1826 1160 1905 Juvena-

150 1959 222 2047 lis,
268 1954 298 2032 li
326 1981 386 2033 res
410 1958 466 2032 ita
491 1953 530 2031 ie
554 1953 739 2074 baberet,
784 1955 833 2031 ad
860 1932 1159 2035 extenuandum

151 2092 327 2195 exempli
345 2092 467 2187 buius
482 2107 746 2166 momentum
792 2093 1014 2185 Coniuncta
1025 2110 1159 2169 autem

151 2222 209 2304 est
225 2228 322 2303 haec
344 2226 395 2304 ae
413 2198 495 2302 vita
508 2227 767 2331 Quintilian,
803 2226 854 2301 aa
873 2226 1065 2303 naariam
1082 2230 1160 2305 im-

151 2365 315 2467 perium
336 2375 565 2463 propagata,
609 2358 825 2462 disputatio
852 2386 945 2437 oum
967 2354 1085 2438 altera
1107 2362 1157 2439 de

152 2495 442 2577 Consularibus
465 2496 730 2587 ornamentis,
758 2521 860 2597 quae
879 2522 952 2597 per
975 2500 1160 2575 Clemen-

150 2649 235 2709 tem
256 2632 420 2710 sortitus
438 2628 512 2706 elle
535 2647 719 2707 narratur
736 2634 784 2706 ab
802 2628 981 2710 Ausonio
1004 2623 1050 2709 in
1072 2658 1159 2735 gra·

150 2769 302 2843 tiaram
344 2769 500 2844 actione
532 2765 582 2841 ad
615 2769 847 2845 Gratianum
875 2794 914 2869 p.
943 2790 1035 2861 29⁰·
1070 2772 1157 2871 Bip.

128 2880 497 2981 ‘'Clementis-filios
523 2897 598 2976 elle
620 2926 705 2991 eos,
730 2929 908 3003 quorum
931 2901 1004 2979 fibi
1025 2930 1048 2978 a
1072 2908 1159 2983 Do·

147 3039 318 3114 mitiano
345 3063 482 3113 curam
505 3036 721 3138 delegatam
739 3053 869 3113 narrat
889 3035 972 3139 ipse
997 3041 1159 3145 Quinti·

147 3174 341 3272 lianusi,
370 3177 550 3250 Prooem.
569 3195 607 3262 2,
636 3199 769 3264 nemo,
798 3174 956 3273 opinor,
983 3176 1155 3276 negabit,

149 3313 224 3410 qui
240 3310 706 3411 contuleritsuetonium
718 3312 764 3385 in
776 3311 1012 3386 Domitiano
1031 3312 1154 3403 (1.15.

147 3447 207 3523 Ita
219 3446 427 3544 probabile
443 3440 489 3520 fit
501 3443 611 3521 hunc
624 3443 756 3547 ipsum
772 3445 1018 3523 Clementem
1035 3442 1169 3555 holca¹

129 3570 402 3684 'Quintiliano
432 3580 608 3656 bonores
641 3577 879 3681 impetralle.;
930 3606 1065 3682 neque
1096 3596 1156 3657 ta·

146 3738 245 3792 men
267 3714 436 3814 praemii
459 3712 549 3790 loco
579 3738 655 3814 pro
682 3713 934 3792 institutione
960 3714 1155 3809 filiorum,

149 3850 345 3949 quoniam
369 3850 421 3937 ii,
463 3863 511 3922 ut
541 3863 645 3924 recte
674 3866 814 3926 monet
844 3853 1039 3931 Nicolaua
1071 3856 1155 3929 An·

146 3985 285 4063 tonius
311 3984 357 4061 in
380 3982 627 4063 Bibliotheca
652 3981 824 4088 Hispana
846 4001 989 4089 vetere·
1013 4014 1053 4091 p.
1083 3994 1152 4078 56,
