2596 4710
313 321 456 435 tns‘n
483 320 692 392 onaron
719 325 809 393 Lm.
833 322 900 411 111,
926 346 960 409 7.
1064 309 1169 413 555²

88 510 293 612 mopimus.
351 514 401 585 Et
422 512 546 586 animi
562 509 728 588 totidem
746 512 861 603 vitia,
891 527 991 613 quot
1010 513 1187 597 virtu-ae

148 704 265 763 Antbol.
296 721 330 771 Ω.
374 711 425 777 5.)
473 709 627 783 reponendi
668 728 726 782 quo
749 710 779 764 in
799 708 897 765 odium
916 709 1071 767 adductae?
1092 714 1146 767 Ta·

149 790 308 863 Clisthenem
358 813 411 868 pro
458 792 625 869 Plisthenem.
667 793 703 849 lis
727 798 744 849 la
770 794 826 849 suit
854 772 904 848 vel
927 793 1072 849 Plisthenes
1095 794 1145 851 vel
1243 840 1246 847 .

147 876 301 933 Clisthenes
321 881 396 933 enim
419 877 452 934 ab
473 878 629 952 Aristopha·
668 877 827 940 Clisthenes.
849 877 922 933 salva
936 898 979 933 res
994 880 1039 934 eft.
1072 880 1147 937 Con·

146 980 183 1017 ne
204 960 336 1036 plurimis
356 960 424 1018 locis
452 971 465 1032 <
474 984 543 1036 qnae
568 965 627 1039 pos·
666 963 781 1019 habeant'
789 964 864 1020 enim
878 965 998 1019 rationes
1005 1002 1014 1027 ‚
1037 980 1071 1019 ut
1085 983 1146 1019 cor·

147 1047 211 1102 sunt
231 1046 356 1100 inveniri
376 1048 404 1101 in
428 1048 521 1102 Iudice
538 1050 626 1102 Brun·
666 1049 743 1123 poris
757 1067 788 1103 ao
803 1048 932 1103 fortunae
950 1048 1021 1102 male
1042 1048 1145 1123 priori·

147 1126 267 1203 etiam)
309 1128 456 1185 vellicatur
495 1147 625 1205 tanquam
667 1132 719 1186 bus
734 1147 906 1187 contemtum
920 1130 1074 1194 attulerint,
1096 1150 1149 1207 po·

146 1212 234 1268 bomo
258 1214 432 1271 effeminatus
453 1234 498 1277 et,
521 1232 553 1270 ut
566 1217 627 1271 Sui·
668 1216 826 1271 sterioribus
841 1216 1044 1288 ejusdemmodi
1064 1217 1148 1278 bona.
1224 1248 1227 1253 ·

147 1297 195 1353 aias
235 1298 323 1352 refert
364 1319 399 1353 ex
437 1300 627 1376 Aristophanis
669 1302 746 1356 vitiis
754 1315 891 1375 eorraapta.
900 1300 1007 1355 odium.
1032 1300 1148 1358 Clisthe-

149 1380 312 1444 Soholiaste,
333 1381 378 1437 tna·
395 1377 521 1454 neratdelep
541 1377 629 1449 drasse-
669 1404 733 1445 nes,
760 1383 984 1439 Pihstrttidarum
1007 1384 1149 1463 expulsor.

148 1466 298 1538 emulos,
324 1487 382 1540 quo
405 1470 525 1531 accedit,
553 1469 629 1544 quod
670 1470 739 1542 quin
761 1469 847 1523 snserit
869 1468 1033 1529 ditissimas,
1061 1488 1147 1524 nemo

147 1553 248 1607 iisdem
256 1552 554 1611 auetoribrascmtinus
562 1572 632 1627 qno·
669 1551 817 1615 dubitabit,
829 1551 1149 1627 quihlernaeonidarum

149 1656 203 1710 que
218 1635 315 1691 similia
330 1637 359 1689 in
375 1657 439 1693 eum
456 1640 574 1711 eonjeeit
587 1638 630 1693 di·
670 1656 699 1692 et
712 1637 857 1692 Clisthenia
871 1637 1013 1710 Sicyonii,
1029 1639 1078 1693 avi
1090 1658 1149 1693 ma-

149 1720 251 1783 cteris,
273 1720 349 1775 utin
365 1721 548 1796 proverbium
572 1737 629 1776 tau·
671 1721 761 1781 terni,
782 1722 897 1775 divitias
911 1722 940 1775 in
956 1741 1021 1776 eum
1043 1742 1149 1777 coacer-

148 1805 213 1860 dem
238 1805 329 1859 abir'et
355 1805 527 1862 Khaardlreue
548 1801 627 1883 oizpa-
667 1819 745 1861 votat
759 1805 918 1859 meminerit
941 1825 976 1859 ex
997 1807 1148 1863 Herodoto

148 1889 277 1963 eleemos.
321 1893 363 1943 Ita
377 1892 425 1951 fit,
447 1906 480 1944 ut
493 1892 628 1963 aptissime
668 1889 716 1956 (6,
744 1889 823 1960 126).
868 1891 912 1941 An
929 1890 1019 1966 igitur
1035 1889 1149 1946 Clisthe-

150 1971 316 2026 videatutis
331 1970 388 2025 dici
401 1992 416 2026 a
429 1975 519 2047 poetis
534 1972 629 2045 prodi·
668 1990 733 2024 nem
758 1968 841 2023 illum
859 1970 1039 2027 comicorum
1060 1976 1150 2047 Quin·

152 2072 196 2110 tus
216 2055 385 2128 impudicus,
406 2058 457 2128 qui
478 2056 564 2117 fuerit
581 2074 629 2109 ve·
670 2052 784 2107 tisianus
792 2053 919 2109 confudit
932 2072 995 2109 oum
1005 2055 1148 2112 Alcmaeo·

150 2142 217 2194 teris
233 2138 400 2194 comoediae
418 2139 516 2194 salibus
530 2139 630 2212 perfri-
669 2135 758 2191 uide?
800 2137 852 2193 Sed
881 2138 934 2193 tale
967 2132 1150 2218 airampnee‘ats

150 2240 229 2286 etur,
250 2224 301 2276 nisi
323 2221 399 2297 quod
420 2224 450 2277 in
464 2223 629 2278 Homericis
671 2222 792 2281 crimen,
813 2223 947 2277 mutando
963 2238 1061 2285 textu,
1083 2245 1150 2280 con·

149 2308 206 2364 iltis
226 2308 367 2382 personis,
399 2306 541 2368 Thersite.
573 2311 629 2368 Iro,
669 2306 755 2378 jieere
781 2305 811 2358 in
834 2305 993 2383 scriptorem
1013 2310 1149 2373 nostrum.

151 2395 256 2452 Nirea,
295 2392 412 2446 alienior
434 2392 516 2468 possit
536 2392 630 2466 putari
671 2391 746 2444 ttesas
781 2389 875 2444 fuerit.
932 2390 1150 2467 Aristophaneus

150 2477 339 2552 Aristophanis
352 2477 481 2551 aeqtaalis.
502 2476 630 2554 Diligeu·
671 2474 785 2547 quidem
804 2473 953 2531 Clisthenes
967 2476 1082 2532 videtur
1097 2481 1151 2536 esse

154 2579 195 2617 ter
211 2562 295 2623 enim,
310 2562 387 2634 qnod
396 2563 429 2614 ad
439 2562 547 2618 Comici
555 2568 629 2615 Aves
671 2558 706 2612 de
719 2557 772 2612 vili
786 2557 875 2632 plebe.
895 2560 955 2612 vid.
966 2561 1104 2618 Scholiast.
1115 2562 1151 2619 ad

152 2666 181 2702 v.
200 2656 262 2716 82ss
285 2646 562 2703 monetBeckiueV.
579 2646 629 2704 C..
670 2644 753 2715 vesp.
773 2652 860 2711 1¹87·
889 2644 935 2697 De
951 2642 1094 2701 Plisthenis
1109 2648 1151 2701 di·

152 2729 187 2785 ab
200 2730 412 2789 Alcmaeonide,
445 2728 578 2805 Megaelis
599 2729 630 2781 si-
670 2727 748 2781 vitiis
761 2724 834 2781 nihil
848 2728 981 2803 comperi·
1000 2731 1153 2809 Fragmen-

151 2813 209 2874 lio.
230 2812 457 2866 Pihliratidurum
472 2811 630 2884 tyrannidis
671 2823 698 2862 ta
714 2809 871 2886 tragoediae
886 2812 1062 2885 Euripiden,
1079 2834 1152 2888 quae

153 2896 319 2972 oppressore,
337 2893 517 2971 segregandus
533 2893 569 2946 est
581 2892 628 2947 ille
671 2891 813 2946 Plisthenis
821 2911 923 2948 nomen
930 2896 1059 2968 praefert,
1066 2918 1153 2972 quan.

151 2979 340 3054 Aristophanis
363 2976 528 3040 Clilihenesa
550 2977 631 3051 quip·
671 2995 754 3048 quam
764 2995 857 3050 pauca,
879 2977 1026 3050 aliquoties
1039 2982 1153 3037 divitia·

152 3086 186 3138 pe
200 3083 283 3137 quem
304 3064 359 3138 ipse
381 3072 463 3136 poeta
484 3061 557 3115 dieat
578 3062 630 3115 eise
671 3079 735 3114 runa
771 3059 877 3115 habent
914 3062 1087 3119 mentionem
1123 3080 1152 3120 et

151 3149 297 3226 Σιβυρτίου
326 3147 416 3201 salium
442 3144 561 3200 holtam.
599 3164 629 3199 v.
671 3143 809 3198 malorum
830 3164 895 3199 cum
915 3145 1015 3201 iisdem
1037 3150 1153 3221 oonjun-

156 3246 224 3305 arg.
247 3232 561 3308 Qualiautempersotaa,
576 3232 632 3283 save
672 3244 792 3283 ntorum.
826 3229 879 3283 sed
893 3229 961 3285 hine
975 3251 1073 3306 parum
1087 3252 1153 3308 pro·

152 3319 288 3378 historica,
303 3322 358 3371 live
373 3310 633 3393 mythologioa,bio
671 3314 754 3369 licias.
794 3315 840 3370 Ne
853 3312 885 3369 id
900 3302 1014 3390 quidem
1036 3317 1066 3371 iu
1083 3317 1152 3372 laee-

154 3401 321 3479 Quintiliani
340 3401 417 3455 locus
439 3399 561 3476 indigeat
568 3435 576 3459 ‚
599 3396 630 3451 id
673 3397 712 3452 ris
732 3396 808 3452 istius
828 3399 970 3476 naufragii
988 3399 1090 3456 tabulis
1106 3420 1152 3477 ap-

154 3489 216 3544 satis
242 3485 400 3563 intelligere
428 3484 501 3537 mihi
522 3481 630 3537 videor.
671 3496 756 3557 patet.
776 3496 872 3536 utrum
880 3482 1028 3539 Plisthenes
1041 3488 1152 3561 Euripi·

154 3572 298 3629 Thersiten
320 3584 348 3623 et
364 3573 440 3623 Irum
461 3566 632 3622 habebamus
672 3565 739 3619 deut
763 3568 794 3618 sit
814 3566 892 3621 Atrei
912 3567 1006 3631 siliusa
1035 3589 1099 3624 nam
1123 3585 1152 3627 et

155 3656 241 3712 modo
259 3668 465 3709 contemtorem
483 3651 632 3706 homiuum
673 3648 741 3703 alter
761 3664 935 3705 memoratur
954 3673 969 3705 a
990 3655 1153 3734 mythogra.

155 3737 298 3813 exempla.
326 3735 363 3791 ob
379 3736 582 3790 deformitatem
601 3733 635 3788 il·
672 3734 735 3809 phia
751 3734 837 3788 Acasti
850 3735 934 3797 silius,
955 3735 1044 3793 Peliae
1056 3758 1151 3815 nepos.

156 3824 233 3884 sum,
261 3822 337 3877 huno
356 3819 394 3877 ob
416 3821 574 3897 egestatem
602 3819 633 3872 itt
674 3818 808 3891 Sequitur
835 3839 917 3897 ergo.
947 3835 981 3874 nt
1001 3821 1152 3880 dicendum

156 3910 247 3968 Nireo
255 3905 385 3961 videmus
393 3902 633 3979 pulchritudinem
673 3906 721 3957 sata
751 3906 817 3958 Non
839 3901 937 3975 liquet.
980 3906 1079 3983 Neque
1096 3926 1153 3964 eret

158 3991 269 4071 ignavia
302 3988 520 4051 dehonestatam
563 3984 634 4060 quial
676 3986 709 4041 ab
727 3986 848 4041 Andrete
863 3987 1038 4056 (Clareliom.
1053 3994 1151 4067 Quint.

159 4077 246 4135 restat,
267 4075 318 4129 nisi
332 4088 364 4128 ut
379 4073 537 4147 opulentiae
554 4073 634 4127 nobis
676 4093 703 4148 p.
731 4075 799 4141 πο.)
829 4073 859 4125 in
882 4088 963 4129 textu
991 4078 1154 4150 ponendum

158 4159 323 4218 exhibeatur
338 4156 499 4233 exemplum
508 4156 636 4215 vitioali·
679 4154 772 4234 cnjth
789 4158 1157 4238 Quotiasterantiquotpet·
