2596 4710
187 365 258 436 ³¹2
422 346 480 418 Μ.
505 348 606 420 ΕΑΒ.
634 345 946 440 QUINTILIANI

115 607 117 611 ,
186 562 267 638 que
282 534 406 634 magis
423 534 552 608 adhuc
570 531 767 621 fabulosa,
795 529 939 609 frustra
951 533 1056 608 inter
1066 526 1193 642 spon·

176 650 309 764 fioues
335 667 374 724 et
402 637 602 725 interdictu
627 672 872 749 quaeremus.
930 647 1039 753 Quid
1068 650 1191 748 ergo?
1223 734 1227 744 ,

189 769 413 865 Nunquam
438 767 534 839 haec
559 764 676 865 supra
698 761 839 851 fidem,
876 777 915 836 et
937 765 1091 862 poitica
1121 767 1192 859 (ut

187 907 284 956 rere
300 880 493 978 dixerim)
509 879 697 969 themata,
726 878 940 991 juveniliui
957 895 1192 979 pertractare
1203 901 1260 972 163

188 997 480 1097 permittemur,
523 1013 570 1070 ut
608 995 874 1094 expatientur,
917 1008 956 1067 et
997 994 1195 1094 gaudeant

165 1112 372 1199 emeterio,
402 1126 441 1184 et
458 1105 567 1209 quali
583 1110 628 1185 iu
646 1136 789 1210 corpus
808 1110 932 1185 eantl.
980 1113 1072 1183 Erat
1090 1111 1195 1210 opti·
1263 1140 1266 1145 ·

186 1251 323 1303 mum:
356 1223 424 1298 sed
443 1241 546 1298 certe
566 1222 644 1300 sint
662 1222 825 1324 grandia
846 1238 884 1298 et
904 1223 1079 1315 tumida,
1109 1251 1196 1303 nou

189 1339 307 1417 stulta
327 1340 463 1427 etiam,
491 1356 530 1413 et
551 1340 769 1416 acrioribus
795 1338 922 1415 oculis
948 1341 1123 1414 intuenti
1141 1342 1195 1415 ri·

189 1454 345 1533 dicula:
376 1469 441 1544 ut,
467 1452 500 1530 fi
529 1461 608 1550 jam
630 1453 854 1531 cedendum
872 1452 945 1542 est,
971 1456 1134 1555 impleat
1155 1453 1193 1529 le

253 1721 425 1779 pertrectare.
469 1701 562 1758 Guell.
581 1717 610 1758 et
624 1702 720 1759 Tetric.
741 1718 856 1759 trucem
877 1723 942 1758 cum
966 1703 1047 1760 Bodl.
1063 1718 1092 1759 et
1104 1703 1193 1760 Andr.

190 1788 308 1846 Praestet
323 1790 383 1843 sene
397 1786 433 1842 ob
451 1784 586 1848 eundem,
609 1789 660 1860 qui
673 1806 742 1842 mox
755 1786 793 1841 est
807 1788 836 1840 in
852 1793 968 1861 perunte.
984 1789 1088 1843 sonum.

254 1889 300 1932 ut,
322 1871 435 1950 fijam.
477 1871 522 1926 Sic
543 1871 636 1927 Guels.
662 1886 690 1926 et
711 1870 818 1932 codd,
847 1887 935 1947 puto,
959 1890 1062 1927 omnes.
1102 1872 1196 1928 Etiam
1245 1889 1247 1892 ’

97 2024 100 2037 ¹
192 1957 255 2012 edd.
275 1971 344 2012 vett.
388 1955 498 2010 Mirum
522 1956 627 2034 igitur,
648 1957 680 2010 in
701 1953 825 2032 vulgatis
848 1958 938 2022 (meis
952 1946 1065 2028 quidem
1087 1977 1103 2010 a
1125 1959 1199 2032 Gry·

192 2040 262 2118 phio
282 2048 360 2114 1544
374 2037 462 2115 inde)
481 2039 539 2119 legi
560 2062 591 2096 ac
607 2039 635 2118 Ji
652 2044 726 2112 jam,
747 2056 830 2114 quam
846 2058 898 2119 ego
914 2040 1076 2116 scripturum
1091 2059 1130 2096 ne
1142 2062 1199 2097 me·

194 2250 294 2322 Neque
317 2262 446 2322 apparet,
466 2246 610 2319 quomodo
630 2269 677 2322 pe·
717 2246 773 2302 lius
794 2249 846 2301 sint
862 2246 990 2302 utilitatis
1006 2247 1111 2302 sittim.
1153 2247 1199 2304 Sic

190 2331 328 2408 stilentiae
342 2331 449 2384 mentio
464 2330 545 2403 possit
564 2331 625 2385 sieri
645 2333 677 2386 iu
719 2332 793 2387 Dias.
818 2332 851 2384 de
872 2351 937 2385 corr.
960 2332 994 2387 el.
1017 2330 1037 2385 l.
1052 2351 1076 2386 c.
1099 2333 1200 2406 „quid-

89 2478 94 2485 ,
195 2415 320 2472 materiis
352 2413 529 2476 scholasticis,
557 2415 609 2469 uili
632 2415 678 2470 ad·
718 2415 805 2488 „quid
821 2416 850 2468 in
865 2413 953 2469 scholi
970 2416 1073 2470 cotidie
1088 2419 1198 2496 egium

194 2500 293 2575 juncto
322 2497 376 2551 hoc
396 2497 430 2551 de
455 2499 513 2572 ejus
537 2499 676 2553 remediis.
719 2499 768 2562 „in
777 2498 848 2575 soro
862 2518 942 2558 raro,
963 2499 1011 2554 vel
1024 2512 1199 2574 urmqrum.“

195 2580 297 2637 Saltem
328 2583 434 2636 seorsim
463 2585 550 2657 posita
576 2582 678 2638 debent
718 2583 1199 2659 Petron.c.1.„hoetanturnpro·

195 2667 279 2746 jungi
301 2666 486 2744 cogita'tionet
517 2665 678 2743 pestilentia,
718 2669 849 2729 ..ficiunt,
870 2683 903 2722 ut
917 2687 981 2722 cum
994 2668 1024 2722 in
1039 2668 1138 2744 sortem
1150 2689 1200 2724 ve·

196 2748 334 2829 respousa.
366 2750 519 2823 Magorum
533 2767 559 2805 et
576 2766 680 2805 cetero·
719 2752 828 2812 uerint,
849 2766 949 2825 putent
962 2754 987 2808 se
1001 2753 1032 2806 in
1046 2753 1132 2808 elium
1147 2769 1199 2808 ter·

196 2854 279 2894 rum,
300 2853 370 2905 quae
384 2832 431 2887 hic
447 2850 617 2911 tanguntur,
633 2855 680 2889 ex·
719 2854 832 2897 „rarum
848 2834 942 2889 orbem
954 2835 1086 2893 delatos*
1106 2838 1199 2894 Etiam
1218 2860 1229 2914 '.

197 2917 289 2995 emple
305 2917 447 2980 inveniet,
470 2919 520 2990 qui
535 2918 681 2975 Declama·
723 2921 781 2976 Cic.
795 2919 828 2973 de
844 2921 923 2975 Oret.
942 2935 975 2980 2,
995 2930 1043 2991 24.
1067 2925 1148 2982 „Hoc
1166 2923 1199 2978 in

197 3003 311 3058 tionum
328 3001 597 3074 Quintilianearunr,
620 3004 680 3060 Cal·
721 3005 820 3066 „indm
839 3022 896 3057 uon
920 3007 1090 3079 praecipitur
1105 3036 1148 3049 -
1162 3010 1202 3063 Ae

197 3086 416 3165 puruianarum,
457 3087 523 3142 item
565 3091 680 3142 Setterae
722 3107 811 3149 „vero
828 3088 858 3140 iu
867 3086 954 3161 soro“
969 3105 1021 3142 cet.
1107 3086 1109 3090 ’

199 3174 448 3226 eontroverliarum
464 3171 568 3225 indices
584 3170 681 3226 voluc-
765 3172 830 3226 Erat
841 3187 897 3244 opt.
922 3173 1200 3248 Itnpet·seetunr,pree

199 3257 238 3310 rit
260 3257 424 3329 percensere.
469 3257 548 3333 Magi
568 3257 682 3329 promis·
724 3256 821 3309 loturo
834 3256 909 3327 quod
923 3257 1201 3329 dentaliquotCodd.

200 3342 260 3396 sum
285 3338 451 3412 pestilentiae
475 3339 681 3412 compescendae
725 3343 779 3404 (ut
809 3355 836 3391 et
864 3340 958 3394 Turio.
992 3361 1083 3414 neque
1111 3358 1204 3397 temen

200 3424 293 3491 (inter
320 3421 432 3477 Libanii
459 3423 596 3491 μελέτας,
631 3434 681 3494 45.
724 3421 838 3492 Guelf.)
860 3440 887 3476 ct
901 3423 962 3478 edd.
981 3425 1126 3499 pleraeque
1141 3442 1205 3480 aute

199 3527 229 3583 p.
251 3504 354 3562 Metel.
376 3515 438 3579 393
460 3509 555 3581 seqq.)
575 3512 593 3561 si
615 3505 682 3568 filio,
726 3505 906 3567 Leidensem,
939 3509 1062 3563 fortiter
1086 3511 1206 3565 retinen·

200 3610 283 3664 quem
301 3593 357 3644 sore
379 3592 554 3645 ntactendum
577 3591 684 3644 obtule·
726 3591 803 3645 dum.
818 3591 1118 3648 llodiedicimutsere:
1131 3592 1206 3672 effer,

200 3691 251 3732 rat,
268 3689 411 3746 parcatur,
427 3673 606 3730 leaenarum
621 3678 684 3747 jun·
725 3676 755 3727 in
774 3673 827 3728 hoo
844 3677 928 3729 sensu.
971 3680 1045 3731 Hor.
1059 3681 1115 3734 Set.
1134 3694 1162 3739 2,
1180 3699 1206 3740 ι,

108 3770 111 3776 ·
202 3757 398 3838 gittrrateriae.
727 3758 755 3813 6.
783 3774 809 3823 7.
840 3763 969 3819 „Perenni
993 3760 1081 3823 niele,
1107 3764 1128 3817 li
1149 3781 1208 3820 non

244 3846 331 3914 retegis
345 3842 440 3895 adlice.
463 3841 497 3894 cs.
508 3841 541 3894 ad
554 3861 579 3903 1,
594 3854 622 3908 5,
632 3855 681 3895 22.
724 3843 894 3916 „Optimum
911 3859 998 3898 eral.“

240 3923 606 4002 [perficerem-interdicta.
627 3929 684 3982 Vo·
768 3930 795 3980 iu
808 3946 905 3999 corpus
918 3946 988 3982 eant.
1012 3928 1089 3983 clad
1101 3940 1205 4002 2,4,5.

202 4007 298 4064 cabula
320 4008 386 4062 lucc
407 4009 477 4080 juris
500 4008 591 4065 civilis
609 4008 683 4082 (rid.
766 4028 810 4070 ut,
826 4010 852 4086 fi
871 4014 929 4080 jam
944 4014 1097 4073 cedendum.
1138 4018 1206 4073 Nun

202 4093 328 4167 Lexiea)
348 4093 438 4166 ipsum
460 4093 555 4147 sorum
571 4094 685 4149 demon·
725 4095 815 4172 igitur
850 4093 930 4168 plane
960 4112 1037 4151 vetut
1070 4098 1208 4173 ejusmodi

203 4176 304 4242 strunt,
326 4173 376 4233 ubi
391 4173 546 4232 scholastice
561 4178 610 4232 iste
623 4175 686 4234 nul·
725 4178 849 4235 meteriis
863 4179 923 4242 uti,
947 4199 1033 4256 quare
1049 4196 1158 4240 eertum
1171 4201 1208 4239 ex
