2596 4710
329 340 451 409 msr.
478 339 686 435 oarron
712 340 802 408 ma.
828 339 903 419 111.
931 280 963 407 ξ.
1068 354 1141 431 tlt

143 523 357 601 discrimen
378 525 543 626 aliquod
559 527 822 614 vocabantur,
851 526 1069 604 accuratius
1082 527 1144 603 lo·

144 643 231 741 qui,
260 639 503 718 defendendi
515 641 578 718 [ui
590 644 723 743 gratia,
743 639 994 730 instituerint.
1039 648 1144 719 Haec

145 758 276 843 errim,
321 777 368 831 ut
395 757 601 834 honestior
626 754 755 845 causa,
805 760 857 831 ita
889 784 971 833 non
1000 752 1142 857 utique

144 874 259 973 prior
273 869 346 946 est:
375 899 467 948 cum
487 872 712 973 praesertim
728 867 920 981 accusatio
936 872 1144 974 praecedat

144 981 427 1094 des-instarem:
461 988 535 1063 nifi
562 989 650 1088 quis
675 988 790 1077 dicit,
819 990 937 1063 etiam
964 989 1143 1089 gladium

144 1096 381 1176 fabricatum
399 1106 514 1180 abeo
539 1107 674 1204 prius,
706 1105 778 1202 qui
800 1102 953 1175 sermm
976 1106 1021 1178 in
1041 1119 1145 1179 tute·
1234 1117 1241 1127 '

144 1216 226 1291 lam
242 1212 316 1303 lui,
334 1240 453 1313 quam
470 1215 601 1312 quiin
617 1221 834 1315 perniciem
850 1216 1022 1305 alterius,
1039 1243 1146 1293 com·

144 1330 302 1431 pararit.
371 1332 536 1431 Initium
557 1355 651 1429 ergo
673 1328 834 1405 dicendi
858 1328 968 1405 dedit
987 1348 1171 1419 naturam

139 1446 311 1527 ‘initium
337 1447 448 1534 artis,
486 1442 717 1520 observatio.
804 1446 997 1522 Homines
1027 1449 1147 1536 enirn,

147 1558 247 1636 licut
262 1561 305 1634 in
322 1558 541 1647 medicina,
571 1586 665 1635 cum
678 1559 863 1637 viderent
879 1562 954 1635 alia
981 1558 1147 1638 salubria

114 1656 122 1673 ¹
147 1676 224 1749 alia
245 1672 479 1765 insalubria,
515 1700 563 1751 ex
590 1672 863 1752 observatione
886 1701 1029 1751 eorum
1054 1672 1147 1751 effe·

148 1806 290 1865 cerunt
306 1805 449 1865 artem:
479 1790 547 1879 ita,
570 1817 665 1867 cum
682 1793 725 1865 in
739 1791 911 1866 dicendo
932 1792 1008 1865 alia
1034 1793 1148 1867 utilia

142 1898 224 1979 'alia
240 1906 400 1991 inutilia
422 1904 783 2006 deprehenderent,
812 1922 1005 1983 notarunt
1028 1930 1073 1982 ea
1099 1905 1150 1983 ad

148 2017 390 2097 imitandum
405 2018 710 2122 vitandumque,
735 2037 775 2095 et
790 2018 994 2121 quaedam,
1010 2018 1150 2097 secun·

148 2133 252 2211 dum
280 2137 477 2231 rationem
498 2160 659 2224 eorum,
696 2134 925 2228 adjecerunt
950 2133 1023 2237 ipsr
1047 2160 1150 2236 quo·

148 2273 266 2349 quer,
287 2250 382 2324 haec
408 2246 635 2326 confirmata
661 2247 753 2325 sunt
774 2248 868 2327 usu:
904 2266 1012 2339 tum,
1048 2275 1150 2351 quaa

146 2362 293 2439 sciebat
303 2367 497 2464 quisque,
526 2365 675 2441 docuit.
733 2368 873 2443 Cicero
891 2364 1056 2466 quidem
1073 2366 1151 2441 ini·

90 2481 255 2557 nntium
282 2480 424 2557 orandi
451 2480 727 2563 conditoribus
755 2482 922 2558 urbium
944 2507 988 2556 ao
1013 2482 1150 2581 legum

147 2595 343 2672 latoribus
360 2595 493 2670 dedit:
520 2597 725 2695 inquibus
745 2593 859 2671 fuisse
883 2599 969 2672 vim
988 2595 1151 2671 dicendi

149 2707 298 2787 nocella
316 2708 389 2785 est:
423 2736 496 2784 cur
511 2726 641 2785 tamen
654 2710 756 2787 hanc
768 2714 938 2812 primam
954 2713 1151 2813 originem

148 2842 283 2929 putet,
318 2851 403 2900 non
421 2824 561 2915 videm
597 2850 690 2900 cum
713 2824 788 2899 snrt
810 2827 941 2901 adhuc
958 2825 1153 2937 quaedam

147 2966 273 3043 vagae
300 2956 339 3014 et
364 2939 444 3014 fine
481 2941 650 3016 urbibus
682 2966 724 3013 ac
760 2938 840 3015 fine
871 2943 1025 3040 legibus
1058 2966 1153 3040 gen,-

149 3066 228 3146 tes4
273 3073 312 3131 et
339 3073 489 3145 tamen,
534 3057 607 3154 qui
631 3052 722 3131 sunt
743 3057 787 3129 in
810 3056 873 3131 his
900 3058 1003 3144 nati,
1035 3071 1074 3129 et
1097 3057 1154 3130 le·

151 3173 382 3277 gationibus
404 3169 646 3273 fungantur,
681 3184 721 3245 et
745 3168 926 3247 accusent
947 3173 1080 3270 aliqua
1109 3196 1154 3247 ao

217 3404 391 3476 compararit.
432 3396 525 3456 Gneli.
545 3414 575 3454 ct
595 3396 681 3456 Goth.
699 3397 772 3469 (tac.
794 3401 894 3468 Gelu.)
915 3403 1096 3474 comparavit.
1122 3414 1156 3454 ur

152 3486 219 3544 odd.
240 3505 316 3541 meae
331 3506 346 3539 a
364 3485 493 3560 Gryplrio
514 3484 547 3539 nd
562 3482 633 3541 Obr.
652 3502 764 3546 omnes,
792 3503 856 3539 cum
875 3483 964 3540 Codd.
980 3484 1157 3547 Britannicis,

153 3587 190 3627 ut
204 3585 284 3648 puto,
305 3568 420 3642 aliisque
435 3567 539 3623 multis.
581 3567 653 3625 cod.
665 3567 841 3624 Turiunlm.
857 3584 884 3623 et
898 3567 959 3622 edd.
977 3568 1156 3645 anteGryph.

155 3670 410 3730 omncsreceptam.
431 3652 575 3708 meliorem
590 3654 660 3708 sane.
801 3654 933 3727 ’originem
945 3669 1032 3729 putot.
1060 3654 1155 3710 Turio.
1244 3682 1247 3687 ·

154 3757 250 3819 putem
265 3758 329 3794 cunr
343 3737 417 3795 Alm.
438 3737 514 3814 quod
529 3738 631 3814 recapit
647 3735 717 3795 obr.
760 3737 826 3794 Non
846 3735 928 3792 male.

204 3928 305 3984 cicero.
345 3912 419 3981 [oca
439 3923 505 3979 vide
526 3923 555 3977 in
574 3937 641 3979 nota
672 3881 755 3985 7Ϋοῐο,
776 3923 826 3977 nili
841 3921 918 3997 quod
932 3921 988 3999 ipio
1002 3922 1094 3988 dixit,
1111 3924 1160 3982 dc·

157 4012 299 4092 proximu.
332 4007 574 4084 improbattaman
585 4012 639 4081 Qu.
680 4008 823 4072 ienditur3
854 4008 889 4063 de
904 4012 1008 4087 origiue
1025 4028 1083 4066 uon
1103 4011 1161 4090 agi-

158 4118 192 4153 ει
207 4096 344 4157 maxime.
371 4114 440 4169 quae
458 4092 591 4171 leguntur
607 4093 641 4148 de
682 4107 739 4149 tur.

163 4184 224 4239 Ina.
272 4179 372 4241 Altero
391 4177 467 4235 enim
485 4176 548 4235 loco
568 4174 641 4233 nihil
