2596 4710
213 338 287 410 διδ
454 313 511 384 Μ.
537 311 638 383 FAB.
666 307 980 404 QUINTILIANI

211 509 301 584 Nec
322 500 412 578 lane
431 502 566 604 potuit
578 500 770 576 urbanius
786 521 834 571 ex
849 494 1084 575 confeffione
1100 498 1218 578 insci·

212 625 289 697 tiae
309 618 401 694 luae
425 618 537 692 elabi
597 619 721 689 Porro
746 613 810 700 hi,
839 614 931 712 quia
959 630 1003 689 et·
1020 613 1217 696 beneficio

212 735 368 836 ingenii
383 731 617 834 praestantes
631 727 722 803 lunt
737 727 881 817 habiti,
902 743 940 802 et
955 730 1081 805 multa
1094 735 1217 809 etiam

208 849 404 926 memoria
422 846 542 947 digna
559 846 898 919 exclamaverunt:
928 847 1126 945 plurimos
1146 850 1217 923 ha·

195 966 307 1057 ,hent
341 960 484 1039 limiles
519 960 781 1060 negligentiae
817 955 926 1053 suae,
968 962 1217 1062 paucissimos

186 1096 386 1169 anaturae.
445 1079 572 1177 Igitur
592 1076 747 1174 impetu
766 1073 896 1148 dicere
914 1073 970 1164 se,
1000 1092 1041 1150 et
1061 1080 1225 1163 viribus,

76 1172 85 1191 ⁶
211 1197 294 1284 uti,
322 1192 565 1294 gloriamur:
595 1191 857 1289 nequeenim
886 1217 989 1290 opus
1017 1190 1092 1266 elle
1120 1220 1215 1294 pro.

210 1308 371 1386 batione
397 1304 466 1384 a'ut
487 1302 741 1407 dispofitione
769 1307 813 1378 in
841 1307 960 1382 rebus
990 1303 1111 1385 fictis:
1146 1308 1216 1385 sed

211 1429 343 1522 (cujus
364 1425 424 1498 rei
445 1424 566 1523 gratia
586 1420 754 1521 plen'um
775 1415 820 1493 stt
835 1420 1109 1527 auditorium)
1128 1422 1215 1500 len·

136 1616 143 1637 ³
211 1542 346 1616 tentiis
377 1537 612 1637 grandibus,
651 1560 822 1635 quarum
853 1540 1004 1639 optima
1032 1565 1215 1640 quaeque

184 1669 235 1736 la
248 1655 428 1756 periculo
445 1668 610 1752 petatur.
670 1652 779 1756 Quin
798 1652 916 1727 etiam
933 1644 977 1728 in
991 1655 1215 1755 cogitando,

209 1772 324 1847 nulla
337 1769 490 1845 ratione
507 1765 704 1854 adhibita,
733 1780 813 1855 aut,
835 1782 985 1844 tectum
1002 1771 1213 1862 intuentes,

253 1987 428 2061 nequeenim.
448 1980 595 2041 ltaGuelf.
605 1983 685 2039 Geln.
701 2000 765 2036 cum
780 1998 845 2038 cett.
862 1984 919 2040 Nec
933 1988 1010 2041 onim.
1033 1985 1069 2041 cf.
1085 1981 1153 2074 ²2⁶⁸
1164 1997 1213 2063 24.

207 2137 366 2196 Rectissime
402 2130 538 2194 Gesnertu
575 2133 690 2190 videtur
732 2134 814 2195 „dnm
835 2157 872 2191 ex
892 2136 1012 2211 periculo
1025 2142 1120 2215 petitis
1133 2134 1213 2219 ligni.

207 2223 264 2298 joci
278 2222 405 2279 aculeum
419 2220 618 2276 delionstrnle.
633 2221 691 2274 De·
730 2221 886 2281 ,uieantiau
911 2224 1215 2291 11,1,52.,ul>eriota

209 2306 346 2362 clamandi
361 2304 409 2360 ille
423 2305 561 2384 magister,
579 2301 690 2376 le,quid
731 2320 778 2367 „et
794 2324 879 2380 paene
902 2309 1111 2379 periclitmuia.“
1151 2309 1214 2367 Ele·

208 2390 325 2446 nomina
339 2388 406 2444 lucc
421 2388 470 2444 libi
484 2388 597 2449 vellent.
612 2405 691 2462 pror·
730 2405 843 2469 gamem
886 2389 1040 2464 multisque
1077 2392 1213 2471 exemplu

209 2477 254 2531 [ιιι
270 2472 399 2552 ignorare
414 2473 583 2551 [ignificaviu
600 2492 690 2545 neque
732 2474 875 2530 subnixam
894 2475 928 2530 de
946 2495 994 2536 eo,
1015 2478 1093 2550 quod
1116 2480 1214 2535 auderi

208 2558 282 2613 alius
298 2559 347 2619 rei,
363 2577 446 2632 quam
462 2558 619 2612 faventium
634 2557 697 2636 glan·
731 2559 829 2615 debeat
849 2559 882 2614 ab
903 2576 1029 2622 oratore,
1048 2562 1212 2638 disputatio·

211 2642 376 2703 dictoribus.
396 2641 619 2696 vocabularatus
637 2648 689 2708 (ut
730 2664 795 2699 nem
811 2658 873 2720 pete
888 2665 904 2698 a
918 2644 1010 2700 Plinio
1024 2646 1212 2721 Epillolaruni
1260 2710 1272 2737 Ι

208 2728 326 2802 quidem
349 2726 441 2779 videti
462 2725 578 2797 voluit)
605 2728 688 2780 etiam
732 2749 761 2803 9,
784 2729 823 2784 26
846 2729 962 2808 integra.
1006 2730 1106 2786 Graeci
1118 2731 1211 2787 theto-

207 2815 244 2869 fic
272 2810 396 2866 inaudita
426 2810 476 2864 fibi
507 2830 538 2864 ea
570 2810 688 2871 testatus,
730 2832 774 2868 ret
788 2812 926 2889 appellant
939 2809 973 2869 vd
987 2807 1213 2892 καριιιιαιὸιιιν·

207 2896 319 2950 notiore
332 2892 486 2954 vocabulo,
508 2896 554 2947 cui
575 2895 689 2949 factioni
729 2896 822 2967 μινιι,
843 2893 876 2951 vo*
889 2894 1062 2975 καρᾶβιλιι,
1082 2894 1116 2955 ‘ro'
1127 2893 1212 2955 mido·

206 2981 265 3055 ipsc
279 2980 400 3039 faveret,
422 2977 581 3033 declaravit.
621 2981 688 3034 Par·
728 2978 800 3037 talu
822 3001 893 3054 quae
914 2983 1034 3057 explicat
1050 2988 1091 3039 10.
1109 2983 1211 3042 chrilt

206 3066 335 3119 molarias
358 3062 426 3136 quid
455 3065 488 3117 sit
516 3065 618 3118 Lexica
639 3065 688 3117 do·
730 3067 859 3140 Theoph.
888 3068 1018 3122 Emellut
1046 3070 1077 3124 in
1102 3070 1210 3125 Lexico

206 3162 278 3202 oent.
311 3148 483 3203 Theodoreus
497 3162 524 3201 et
538 3149 689 3220 Apollodo·
728 3150 879 3211 rhetorico.
895 3153 945 3224 qui
957 3151 990 3205 ad
1006 3152 1128 3207 Plinium
1138 3170 1210 3225 quo·

205 3253 266 3288 reus
282 3232 403 3308 deligunt
418 3229 465 3286 vel
481 3231 624 3285 Theodori
640 3232 688 3287 vel
728 3255 783 3308 que
802 3235 910 3314 ablegat
930 3235 1073 3292 lectorem.
1113 3236 1211 3292 Etiam

205 3315 390 3390 Apollodori,
436 3313 504 3368 clari
538 3317 687 3388 utriusque
729 3324 828 3373 Seneca
843 3322 877 3371 ad
899 3319 1042 3376 Lucilium
1057 3319 1142 3396 opit.
1158 3334 1211 3395 59.

205 3400 343 3461 rhetoric,
364 3397 523 3471 disciplinae
535 3398 685 3452 addictum.
729 3403 777 3476 (p.
790 3419 855 3469 177.
867 3405 928 3477 Bip.
944 3405 1008 3458 Vol.
1026 3410 1058 3478 3)
1072 3407 1212 3466 „luvenio

205 3485 251 3538 De
279 3483 463 3558 appellatione
492 3483 540 3536 ista
570 3484 688 3559 iplitque
728 3518 789 3549 „—
826 3488 1024 3542 translationes·
1046 3490 1223 3561 nechoram..

206 3568 277 3622 viria
292 3569 359 3622 vide
378 3583 406 3635 5,
427 3588 452 3626 ι,
471 3583 516 3633 17.
535 3579 583 3636 ¹8·
728 3587 855 3634 „ut·nou
878 3573 1051 3634 temerarias,
1079 3575 1118 3628 ita
1140 3592 1212 3647 quaa

240 3649 389 3725 senterulis.
415 3652 450 3704 cf.
466 3665 493 3711 a,
507 3661 536 3722 4,
553 3666 602 3719 3¹·
727 3657 892 3730 „pericuum
906 3658 945 3712 lui
962 3658 1111 3711 fecerint.“
1137 3657 1214 3712 Peri·

247 3757 266 3789 a
287 3737 405 3807 periculo
426 3751 544 3806 petatur.
589 3735 633 3792 Cf.
658 3751 686 3797 2,
729 3740 823 3795 culum
845 3741 895 3800 est,
916 3761 951 3793 ne
967 3743 997 3795 in
1018 3761 1106 3819 nugat
1122 3756 1151 3796 et
1165 3741 1213 3796 do·

208 3831 256 3878 ιι,
272 3831 290 3885 5
308 3819 357 3878 „in
374 3817 532 3872 elocutione
546 3819 601 3893 ipla
617 3825 686 3892 peri·
727 3825 861 3878 mentium
878 3824 955 3879 abeat
970 3826 1016 3880 ista
1031 3826 1143 3881 dicendi
1163 3845 1214 3879 au·

205 3903 322 3955 culum.“
347 3912 382 3972 8,
400 3916 434 3962 2.
451 3917 490 3958 20
506 3922 560 3963 „ex
572 3908 685 3976 ancipiti
727 3909 812 3962 dacia.
856 3924 858 3929 '
1149 3916 1152 3921 ’

204 3984 349 4046 „diserta.“
392 3996 429 4054 8,
451 3984 479 4046 6,
508 4007 552 4040 ιι.
576 3988 684 4048 „audax
767 4007 864 4047 tectum
875 3980 1013 4048 intuentoi.
1035 3992 1117 4050 Nihil
1132 3989 1212 4047 aliud

202 4071 684 4144 „proximepericulumtranslatio.“
725 4077 871 4154 significari
888 4094 968 4151 puto.
989 4098 1073 4152 quam
1089 4074 1212 4132 dosidem

206 4171 253 4216 ιο,
272 4174 298 4217 ι,
318 4170 372 4209 ιιι
396 4167 491 4217 „tanta
514 4157 546 4210 in
567 4156 684 4230 quibua·
724 4160 797 4215 nttul
811 4162 918 4240 agentia
925 4200 935 4226 ,
955 4182 1047 4238 neque
1060 4162 1091 4217 in
1106 4174 1210 4217 cem
