<?xml version="1.0" encoding="UTF-8"?>
<!DOCTYPE html PUBLIC "-//W3C//DTD XHTML 1.0 Transitional//EN"
    "http://www.w3.org/TR/xhtml1/DTD/xhtml1-transitional.dtd">
<html xmlns="http://www.w3.org/1999/xhtml" xml:lang="en" lang="en">
 <head>
  <title>
</title>
<meta http-equiv="Content-Type" content="text/html;charset=utf-8" />
  <meta name='ocr-system' content='tesseract 3.04.00' />
  <meta name='ocr-capabilities' content='ocr_page ocr_carea ocr_par ocr_line ocrx_word'/>
</head>
<body>
  <div class='ocr_page' id='page_1' title='image "./deinstitutioneo07quingoog_0178.png"; bbox 0 0 2596 4710; ppageno 0'>
   <div class='ocr_carea' id='block_1_1' title="bbox 265 310 1157 429">
    <p class='ocr_par' dir='ltr' id='par_1_1' title="bbox 265 310 1157 429">
     <span class='ocr_line' id='line_1_1' title="bbox 265 310 1157 429; baseline 0.01 -37"><span class='ocrx_word' id='word_1_1' title='bbox 265 424 271 429; x_wconf 25' lang='lat'>·</span> <span class='ocrx_word' id='word_1_2' title='bbox 361 310 958 416; x_wconf 77' lang='lat' dir='ltr'>1nsr.om&#39;ron.n1ss.1,5.</span> <span class='ocrx_word' id='word_1_3' title='bbox 1110 348 1157 420; x_wconf 71' lang='lat'>37</span> 
     </span>
    </p>
   </div>
   <div class='ocr_carea' id='block_1_2' title="bbox 125 513 1244 2917">
    <p class='ocr_par' dir='ltr' id='par_1_2' title="bbox 125 513 1244 2917">
     <span class='ocr_line' id='line_1_2' title="bbox 157 513 1160 614; baseline 0 -21"><span class='ocrx_word' id='word_1_4' title='bbox 157 519 307 593; x_wconf 80' lang='lat' dir='ltr'>vitium</span> <span class='ocrx_word' id='word_1_5' title='bbox 335 513 506 614; x_wconf 77' lang='lat' dir='ltr'>saepius,</span> <span class='ocrx_word' id='word_1_6' title='bbox 545 540 667 613; x_wconf 84' lang='lat' dir='ltr'>quam</span> <span class='ocrx_word' id='word_1_7' title='bbox 690 517 840 605; x_wconf 84' lang='lat' dir='ltr'>virtus,</span> <span class='ocrx_word' id='word_1_8' title='bbox 880 517 989 593; x_wconf 88' lang='lat' dir='ltr'>inest.</span> <span class='ocrx_word' id='word_1_9' title='bbox 1047 522 1160 594; x_wconf 84' lang='lat' dir='ltr'>Licet</span> 
     </span>
     <span class='ocr_line' id='line_1_3' title="bbox 156 630 1157 733; baseline 0.003 -28"><span class='ocrx_word' id='word_1_10' title='bbox 156 635 267 707; x_wconf 87' lang='lat' dir='ltr'>enim</span> <span class='ocrx_word' id='word_1_11' title='bbox 286 630 463 706; x_wconf 84' lang='lat' dir='ltr'>dicamus</span> <span class='ocrx_word' id='word_1_12' title='bbox 486 630 640 728; x_wconf 81' lang='lat' dir='ltr'>aliquid</span> <span class='ocrx_word' id='word_1_13' title='bbox 659 635 891 730; x_wconf 86' lang='lat' dir='ltr'>proprium,</span> <span class='ocrx_word' id='word_1_14' title='bbox 919 633 1157 733; x_wconf 79' lang='lat' dir='ltr'>speciosum,</span> 
     </span>
     <span class='ocr_line' id='line_1_4' title="bbox 156 744 1157 834; baseline 0.004 -14"><span class='ocrx_word' id='word_1_15' title='bbox 156 744 344 833; x_wconf 69' lang='lat' dir='ltr'>sublone,</span> <span class='ocrx_word' id='word_1_16' title='bbox 373 746 475 820; x_wconf 87' lang='lat' dir='ltr'>nihil</span> <span class='ocrx_word' id='word_1_17' title='bbox 506 761 638 819; x_wconf 87' lang='lat' dir='ltr'>tamen</span> <span class='ocrx_word' id='word_1_18' title='bbox 670 747 838 834; x_wconf 81' lang='lat' dir='ltr'>horum,</span> <span class='ocrx_word' id='word_1_19' title='bbox 875 747 948 821; x_wconf 81' lang='lat' dir='ltr'>nist</span> <span class='ocrx_word' id='word_1_20' title='bbox 977 751 1021 823; x_wconf 87' lang='lat' dir='ltr'>in</span> <span class='ocrx_word' id='word_1_21' title='bbox 1050 776 1157 824; x_wconf 88' lang='lat' dir='ltr'>com·</span> 
     </span>
     <span class='ocr_line' id='line_1_5' title="bbox 157 859 1156 962; baseline 0.002 -26"><span class='ocrx_word' id='word_1_22' title='bbox 157 863 279 962; x_wconf 86' lang='lat' dir='ltr'>plexu</span> <span class='ocrx_word' id='word_1_23' title='bbox 304 859 500 961; x_wconf 88' lang='lat' dir='ltr'>loquendi</span> <span class='ocrx_word' id='word_1_24' title='bbox 528 859 724 960; x_wconf 83' lang='lat' dir='ltr'>serieque,</span> <span class='ocrx_word' id='word_1_25' title='bbox 755 865 975 962; x_wconf 78' lang='lat' dir='ltr'>¹contingit:</span> <span class='ocrx_word' id='word_1_26' title='bbox 1021 863 1156 939; x_wconf 84' lang='lat' dir='ltr'>lauda-</span> 
     </span>
     <span class='ocr_line' id='line_1_6' title="bbox 154 976 1155 1055; baseline -0.001 -1"><span class='ocrx_word' id='word_1_27' title='bbox 154 1003 246 1055; x_wconf 86' lang='lat' dir='ltr'>mus</span> <span class='ocrx_word' id='word_1_28' title='bbox 278 978 389 1052; x_wconf 91' lang='lat' dir='ltr'>enim</span> <span class='ocrx_word' id='word_1_29' title='bbox 416 976 535 1049; x_wconf 84' lang='lat' dir='ltr'>verba</span> <span class='ocrx_word' id='word_1_30' title='bbox 568 977 669 1050; x_wconf 90' lang='lat' dir='ltr'>bene</span> <span class='ocrx_word' id='word_1_31' title='bbox 699 978 817 1051; x_wconf 85' lang='lat' dir='ltr'>rebus</span> <span class='ocrx_word' id='word_1_32' title='bbox 853 976 1155 1055; x_wconf 82' lang='lat' dir='ltr'>accommodate.</span> 
     </span>
     <span class='ocr_line' id='line_1_7' title="bbox 154 1089 1182 1191; baseline 0 -23"><span class='ocrx_word' id='word_1_33' title='bbox 154 1092 246 1168; x_wconf 83' lang='lat' dir='ltr'>Sola</span> <span class='ocrx_word' id='word_1_34' title='bbox 280 1089 336 1164; x_wconf 85' lang='lat' dir='ltr'>est</span> <span class='ocrx_word' id='word_1_35' title='bbox 372 1116 472 1189; x_wconf 87' lang='lat' dir='ltr'>quae</span> <span class='ocrx_word' id='word_1_36' title='bbox 502 1094 632 1167; x_wconf 85' lang='lat' dir='ltr'>notari</span> <span class='ocrx_word' id='word_1_37' title='bbox 667 1091 777 1191; x_wconf 76' lang='lat' dir='ltr'>possit</span> <span class='ocrx_word' id='word_1_38' title='bbox 806 1095 919 1167; x_wconf 85' lang='lat' dir='ltr'>velut</span> <span class='ocrx_word' id='word_1_39' title='bbox 954 1094 1182 1183; x_wconf 60' lang='lat' dir='ltr'>oocolitom</span> 
     </span>
     <span class='ocr_line' id='line_1_8' title="bbox 154 1205 1154 1306; baseline -0.001 -25"><span class='ocrx_word' id='word_1_40' title='bbox 154 1231 257 1306; x_wconf 88' lang='lat' dir='ltr'>quae</span> <span class='ocrx_word' id='word_1_41' title='bbox 273 1207 416 1305; x_wconf 72' lang='grc' dir='ltr'>εὐφωνία</span> <span class='ocrx_word' id='word_1_42' title='bbox 432 1205 600 1281; x_wconf 87' lang='lat' dir='ltr'>dicitur:</span> <span class='ocrx_word' id='word_1_43' title='bbox 629 1214 743 1297; x_wconf 78' lang='lat' dir='ltr'>cujus</span> <span class='ocrx_word' id='word_1_44' title='bbox 761 1209 804 1280; x_wconf 88' lang='lat' dir='ltr'>in</span> <span class='ocrx_word' id='word_1_45' title='bbox 821 1232 868 1283; x_wconf 88' lang='lat' dir='ltr'>eo</span> <span class='ocrx_word' id='word_1_46' title='bbox 885 1207 1059 1285; x_wconf 85' lang='lat' dir='ltr'>delectus</span> <span class='ocrx_word' id='word_1_47' title='bbox 1078 1207 1154 1297; x_wconf 86' lang='lat' dir='ltr'>est,</span> 
     </span>
     <span class='ocr_line' id='line_1_9' title="bbox 153 1312 1156 1421; baseline -0.002 -23"><span class='ocrx_word' id='word_1_48' title='bbox 153 1337 200 1398; x_wconf 91' lang='lat' dir='ltr'>ut</span> <span class='ocrx_word' id='word_1_49' title='bbox 225 1324 330 1397; x_wconf 89' lang='lat' dir='ltr'>inter</span> <span class='ocrx_word' id='word_1_50' title='bbox 351 1323 456 1407; x_wconf 81' lang='lat' dir='ltr'>duo,</span> <span class='ocrx_word' id='word_1_51' title='bbox 495 1348 595 1421; x_wconf 90' lang='lat' dir='ltr'>quae</span> <span class='ocrx_word' id='word_1_52' title='bbox 619 1312 728 1395; x_wconf 84' lang='lat' dir='ltr'>idem</span> <span class='ocrx_word' id='word_1_53' title='bbox 751 1319 969 1421; x_wconf 82' lang='lat' dir='ltr'>significant</span> <span class='ocrx_word' id='word_1_54' title='bbox 997 1334 1040 1396; x_wconf 82' lang='lat' dir='ltr'>a&#39;c</span> <span class='ocrx_word' id='word_1_55' title='bbox 1073 1340 1156 1396; x_wconf 85' lang='lat' dir='ltr'>tan·</span> 
     </span>
     <span class='ocr_line' id='line_1_10' title="bbox 153 1436 1153 1537; baseline 0.002 -25"><span class='ocrx_word' id='word_1_56' title='bbox 153 1436 323 1513; x_wconf 84' lang='lat' dir='ltr'>tundem</span> <span class='ocrx_word' id='word_1_57' title='bbox 351 1440 503 1524; x_wconf 85' lang='lat' dir='ltr'>valent,</span> <span class='ocrx_word' id='word_1_58' title='bbox 543 1437 656 1536; x_wconf 84' lang='lat' dir='ltr'>quod</span> <span class='ocrx_word' id='word_1_59' title='bbox 691 1437 833 1537; x_wconf 86' lang='lat' dir='ltr'>melius</span> <span class='ocrx_word' id='word_1_60' title='bbox 863 1436 991 1526; x_wconf 86' lang='lat' dir='ltr'>sonet,</span> <span class='ocrx_word' id='word_1_61' title='bbox 1028 1440 1153 1513; x_wconf 88' lang='lat' dir='ltr'>malis.</span> 
     </span>
     <span class='ocr_line' id='line_1_11' title="bbox 153 1545 1177 1661; baseline 0.004 -34"><span class='ocrx_word' id='word_1_62' title='bbox 153 1554 285 1627; x_wconf 85' lang='lat' dir='ltr'>Prima</span> <span class='ocrx_word' id='word_1_63' title='bbox 305 1547 534 1661; x_wconf 73' lang='lat' dir='ltr'>barbarismi</span> <span class='ocrx_word' id='word_1_64' title='bbox 556 1579 598 1625; x_wconf 88' lang='lat' dir='ltr'>ac</span> <span class='ocrx_word' id='word_1_65' title='bbox 615 1545 835 1660; x_wconf 79' lang='lat' dir='ltr'>soloecismi</span> <span class='ocrx_word' id='word_1_66' title='bbox 861 1552 1027 1630; x_wconf 79' lang='lat' dir='ltr'>foeditas</span> <span class='ocrx_word' id='word_1_67' title='bbox 1044 1550 1177 1631; x_wconf 62' lang='lat' dir='ltr'>absim</span> 
     </span>
     <span class='ocr_line' id='line_1_12' title="bbox 152 1665 1153 1765; baseline 0.002 -24"><span class='ocrx_word' id='word_1_68' title='bbox 152 1667 232 1741; x_wconf 89' lang='lat' dir='ltr'>Sed</span> <span class='ocrx_word' id='word_1_69' title='bbox 258 1670 352 1765; x_wconf 86' lang='lat' dir='ltr'>quia</span> <span class='ocrx_word' id='word_1_70' title='bbox 382 1669 544 1741; x_wconf 85' lang='lat' dir='ltr'>interim</span> <span class='ocrx_word' id='word_1_71' title='bbox 568 1665 798 1742; x_wconf 77' lang='lat' dir='ltr'>excusantur</span> <span class='ocrx_word' id='word_1_72' title='bbox 829 1669 924 1743; x_wconf 82' lang='lat' dir='ltr'>hoec</span> <span class='ocrx_word' id='word_1_73' title='bbox 955 1671 1050 1743; x_wconf 84' lang='lat' dir='ltr'>vitia</span> <span class='ocrx_word' id='word_1_74' title='bbox 1084 1685 1153 1743; x_wconf 87' lang='lat' dir='ltr'>out</span> 
     </span>
     <span class='ocr_line' id='line_1_13' title="bbox 154 1780 1152 1872; baseline 0.003 -18"><span class='ocrx_word' id='word_1_75' title='bbox 154 1780 460 1869; x_wconf 84' lang='lat' dir='ltr'>consuetudine,</span> <span class='ocrx_word' id='word_1_76' title='bbox 489 1799 557 1856; x_wconf 87' lang='lat' dir='ltr'>aut</span> <span class='ocrx_word' id='word_1_77' title='bbox 579 1785 825 1867; x_wconf 75' lang='lat' dir='ltr'>auctoritate,</span> <span class='ocrx_word' id='word_1_78' title='bbox 860 1799 926 1858; x_wconf 87' lang='lat' dir='ltr'>aut</span> <span class='ocrx_word' id='word_1_79' title='bbox 949 1781 1152 1872; x_wconf 84' lang='lat' dir='ltr'>vetustate,</span> 
     </span>
     <span class='ocr_line' id='line_1_14' title="bbox 153 1896 1150 1997; baseline 0.001 -27"><span class='ocrx_word' id='word_1_80' title='bbox 153 1913 221 1972; x_wconf 87' lang='lat' dir='ltr'>aut</span> <span class='ocrx_word' id='word_1_81' title='bbox 247 1896 421 1995; x_wconf 84' lang='lat' dir='ltr'>denique</span> <span class='ocrx_word' id='word_1_82' title='bbox 448 1900 648 1987; x_wconf 70' lang='lat' dir='ltr'>vicinitate</span> <span class='ocrx_word' id='word_1_83' title='bbox 670 1899 866 1971; x_wconf 69' lang='lat' dir='ltr'>virtutum</span> <span class='ocrx_word' id='word_1_84' title='bbox 895 1901 1011 1991; x_wconf 89' lang='lat' dir='ltr'>(nam</span> <span class='ocrx_word' id='word_1_85' title='bbox 1039 1898 1150 1997; x_wconf 83' lang='lat' dir='ltr'>saepe</span> 
     </span>
     <span class='ocr_line' id='line_1_15' title="bbox 154 2009 1149 2111; baseline 0.002 -26"><span class='ocrx_word' id='word_1_86' title='bbox 154 2037 176 2085; x_wconf 80' lang='lat' dir='ltr'>a</span> <span class='ocrx_word' id='word_1_87' title='bbox 201 2009 340 2110; x_wconf 84' lang='lat' dir='ltr'>figuris</span> <span class='ocrx_word' id='word_1_88' title='bbox 366 2039 409 2085; x_wconf 89' lang='lat' dir='ltr'>ea</span> <span class='ocrx_word' id='word_1_89' title='bbox 435 2011 608 2110; x_wconf 84' lang='lat' dir='ltr'>separare</span> <span class='ocrx_word' id='word_1_90' title='bbox 638 2011 796 2085; x_wconf 85' lang='lat' dir='ltr'>difficile</span> <span class='ocrx_word' id='word_1_91' title='bbox 820 2011 914 2099; x_wconf 79' lang='lat' dir='ltr'>est):</span> <span class='ocrx_word' id='word_1_92' title='bbox 955 2038 1149 2111; x_wconf 89' lang='lat' dir='ltr'>nequem</span> 
     </span>
     <span class='ocr_line' id='line_1_16' title="bbox 153 2126 1150 2215; baseline -0.001 -14"><span class='ocrx_word' id='word_1_93' title='bbox 153 2143 233 2201; x_wconf 84' lang='lat' dir='ltr'>tam</span> <span class='ocrx_word' id='word_1_94' title='bbox 248 2128 399 2202; x_wconf 87' lang='lat' dir='ltr'>lubrica</span> <span class='ocrx_word' id='word_1_95' title='bbox 415 2127 634 2203; x_wconf 83' lang='lat' dir='ltr'>observatio</span> <span class='ocrx_word' id='word_1_96' title='bbox 648 2126 767 2215; x_wconf 77' lang='lat' dir='ltr'>sallat,</span> <span class='ocrx_word' id='word_1_97' title='bbox 784 2129 922 2201; x_wconf 86' lang='lat' dir='ltr'>acriter</span> <span class='ocrx_word' id='word_1_98' title='bbox 935 2126 973 2200; x_wconf 93' lang='lat' dir='ltr'>se</span> <span class='ocrx_word' id='word_1_99' title='bbox 989 2129 1029 2199; x_wconf 86' lang='lat' dir='ltr'>in</span> <span class='ocrx_word' id='word_1_100' title='bbox 1045 2127 1150 2202; x_wconf 89' lang='lat' dir='ltr'>illud</span> 
     </span>
     <span class='ocr_line' id='line_1_17' title="bbox 154 2241 1150 2341; baseline 0 -24"><span class='ocrx_word' id='word_1_101' title='bbox 154 2258 274 2317; x_wconf 89' lang='lat' dir='ltr'>tenue</span> <span class='ocrx_word' id='word_1_102' title='bbox 289 2241 499 2317; x_wconf 85' lang='lat' dir='ltr'>discrimen</span> <span class='ocrx_word' id='word_1_103' title='bbox 514 2243 786 2340; x_wconf 81' lang='lat' dir='ltr'>grannnaticns</span> <span class='ocrx_word' id='word_1_104' title='bbox 803 2242 991 2330; x_wconf 84' lang='lat' dir='ltr'>intendat,</span> <span class='ocrx_word' id='word_1_105' title='bbox 1005 2242 1150 2341; x_wconf 87' lang='lat' dir='ltr'>dequo</span> 
     </span>
     <span class='ocr_line' id='line_1_18' title="bbox 156 2356 1150 2458; baseline -0.002 -27"><span class='ocrx_word' id='word_1_106' title='bbox 156 2382 226 2433; x_wconf 88' lang='lat' dir='ltr'>nos</span> <span class='ocrx_word' id='word_1_107' title='bbox 249 2360 366 2436; x_wconf 83' lang='lat' dir='ltr'>latius</span> <span class='ocrx_word' id='word_1_108' title='bbox 388 2358 446 2430; x_wconf 89' lang='lat' dir='ltr'>ibi</span> <span class='ocrx_word' id='word_1_109' title='bbox 467 2360 700 2455; x_wconf 84' lang='lat' dir='ltr'>loquemur,</span> <span class='ocrx_word' id='word_1_110' title='bbox 738 2357 811 2431; x_wconf 87' lang='lat' dir='ltr'>ubi</span> <span class='ocrx_word' id='word_1_111' title='bbox 832 2356 882 2430; x_wconf 83' lang='lat' dir='ltr'>de</span> <span class='ocrx_word' id='word_1_112' title='bbox 907 2356 1040 2458; x_wconf 81' lang='lat' dir='ltr'>figuris</span> <span class='ocrx_word' id='word_1_113' title='bbox 1065 2382 1150 2431; x_wconf 87' lang='lat' dir='ltr'>ora·</span> 
     </span>
     <span class='ocr_line' id='line_1_19' title="bbox 156 2470 1179 2570; baseline 0 -25"><span class='ocrx_word' id='word_1_114' title='bbox 156 2476 275 2547; x_wconf 80' lang='lat' dir='ltr'>tio&#39;rns</span> <span class='ocrx_word' id='word_1_115' title='bbox 294 2472 535 2547; x_wconf 80' lang='lat' dir='ltr'>tractandum</span> <span class='ocrx_word' id='word_1_116' title='bbox 552 2474 636 2545; x_wconf 89' lang='lat' dir='ltr'>erit.</span> <span class='ocrx_word' id='word_1_117' title='bbox 688 2474 853 2546; x_wconf 83' lang='lat' dir='ltr'>Interim</span> <span class='ocrx_word' id='word_1_118' title='bbox 866 2475 1022 2558; x_wconf 79' lang='lat' dir='ltr'>vitium,</span> <span class='ocrx_word' id='word_1_119' title='bbox 1041 2470 1179 2570; x_wconf 79' lang='lat' dir='ltr'>quod⁶</span> 
     </span>
     <span class='ocr_line' id='line_1_20' title="bbox 125 2574 1244 2693; baseline 0.004 -33"><span class='ocrx_word' id='word_1_120' title='bbox 125 2584 199 2660; x_wconf 68' lang='lat' dir='ltr'>⁵⁸stt</span> <span class='ocrx_word' id='word_1_121' title='bbox 212 2590 255 2661; x_wconf 90' lang='lat' dir='ltr'>in</span> <span class='ocrx_word' id='word_1_122' title='bbox 276 2587 437 2689; x_wconf 76' lang='lat' dir='ltr'>singulis</span> <span class='ocrx_word' id='word_1_123' title='bbox 450 2588 593 2673; x_wconf 71' lang='lat' dir='ltr'>verbis,</span> <span class='ocrx_word' id='word_1_124' title='bbox 616 2585 660 2660; x_wconf 90' lang='lat' dir='ltr'>sit</span> <span class='ocrx_word' id='word_1_125' title='bbox 674 2574 942 2693; x_wconf 67' lang='lat' dir='ltr'>borlanismon</span> <span class='ocrx_word' id='word_1_126' title='bbox 1004 2591 1153 2660; x_wconf 84' lang='lat' dir='ltr'>Occur·</span> <span class='ocrx_word' id='word_1_127' title='bbox 1241 2660 1244 2665; x_wconf 92' lang='lat'><em>.</em></span> 
     </span>
     <span class='ocr_line' id='line_1_21' title="bbox 157 2697 1157 2799; baseline -0.001 -23"><span class='ocrx_word' id='word_1_128' title='bbox 157 2719 211 2776; x_wconf 76' lang='lat' dir='ltr'>nt</span> <span class='ocrx_word' id='word_1_129' title='bbox 245 2704 348 2777; x_wconf 89' lang='lat' dir='ltr'>mihi</span> <span class='ocrx_word' id='word_1_130' title='bbox 381 2700 509 2777; x_wconf 82' lang='lat' dir='ltr'>forsan</span> <span class='ocrx_word' id='word_1_131' title='bbox 542 2704 703 2799; x_wconf 80' lang='lat' dir='ltr'>aliquis,</span> <span class='ocrx_word' id='word_1_132' title='bbox 741 2701 840 2798; x_wconf 74' lang='lat' dir='ltr'>qnid</span> <span class='ocrx_word' id='word_1_133' title='bbox 869 2702 935 2773; x_wconf 90' lang='lat' dir='ltr'>hic</span> <span class='ocrx_word' id='word_1_134' title='bbox 964 2697 1157 2799; x_wconf 85' lang='lat' dir='ltr'>promisso¹</span> 
     </span>
     <span class='ocr_line' id='line_1_22' title="bbox 157 2813 1151 2917; baseline -0.002 -27"><span class='ocrx_word' id='word_1_135' title='bbox 157 2821 250 2892; x_wconf 86' lang='lat' dir='ltr'>tanti</span> <span class='ocrx_word' id='word_1_136' title='bbox 282 2820 411 2917; x_wconf 87' lang='lat' dir='ltr'>operis</span> <span class='ocrx_word' id='word_1_137' title='bbox 445 2818 638 2916; x_wconf 68' lang='lat' dir='ltr'>dignum?</span> <span class='ocrx_word' id='word_1_138' title='bbox 683 2833 750 2890; x_wconf 82' lang='lat' dir='ltr'>out</span> <span class='ocrx_word' id='word_1_139' title='bbox 783 2819 873 2914; x_wconf 86' lang='lat' dir='ltr'>quis</span> <span class='ocrx_word' id='word_1_140' title='bbox 902 2817 979 2893; x_wconf 88' lang='lat' dir='ltr'>hoc</span> <span class='ocrx_word' id='word_1_141' title='bbox 1011 2813 1151 2905; x_wconf 85' lang='lat' dir='ltr'>nescit,</span> 
     </span>
    </p>
   </div>
   <div class='ocr_carea' id='block_1_3' title="bbox 144 3049 1253 3887">
    <p class='ocr_par' dir='ltr' id='par_1_3' title="bbox 216 3049 818 3127">
     <span class='ocr_line' id='line_1_23' title="bbox 216 3049 818 3127; baseline -0.003 -19"><span class='ocrx_word' id='word_1_142' title='bbox 216 3055 299 3108; x_wconf 75' lang='lat' dir='ltr'>latios</span> <span class='ocrx_word' id='word_1_143' title='bbox 312 3055 348 3107; x_wconf 82' lang='lat' dir='ltr'>ibi</span> <span class='ocrx_word' id='word_1_144' title='bbox 363 3054 507 3127; x_wconf 79' lang='lat' dir='ltr'>loquemur.</span> <span class='ocrx_word' id='word_1_145' title='bbox 545 3049 637 3107; x_wconf 86' lang='lat' dir='ltr'>Gnels.</span> <span class='ocrx_word' id='word_1_146' title='bbox 654 3049 759 3107; x_wconf 78' lang='lat' dir='ltr'>omittit</span> <span class='ocrx_word' id='word_1_147' title='bbox 775 3053 818 3106; x_wconf 80' lang='lat' dir='ltr'>isn&#39;.</span> 
     </span>
    </p>

    <p class='ocr_par' dir='ltr' id='par_1_4' title="bbox 144 3133 1253 3887">
     <span class='ocr_line' id='line_1_24' title="bbox 214 3133 1153 3215; baseline -0.006 -24"><span class='ocrx_word' id='word_1_148' title='bbox 214 3139 279 3213; x_wconf 78' lang='lat' dir='ltr'>quid</span> <span class='ocrx_word' id='word_1_149' title='bbox 293 3139 334 3190; x_wconf 77' lang='lat' dir='ltr'>sic</span> <span class='ocrx_word' id='word_1_150' title='bbox 350 3136 484 3215; x_wconf 74' lang='lat' dir='ltr'>promiffo.</span> <span class='ocrx_word' id='word_1_151' title='bbox 525 3134 618 3191; x_wconf 79' lang='lat' dir='ltr'>Guelf.</span> <span class='ocrx_word' id='word_1_152' title='bbox 632 3134 781 3211; x_wconf 75' lang='lat' dir='ltr'>promiffor.</span> <span class='ocrx_word' id='word_1_153' title='bbox 807 3150 833 3188; x_wconf 86' lang='lat' dir='ltr'>et</span> <span class='ocrx_word' id='word_1_154' title='bbox 848 3133 1061 3208; x_wconf 79' lang='lat' dir='ltr'>plurimiCodd.</span> <span class='ocrx_word' id='word_1_155' title='bbox 1077 3147 1110 3187; x_wconf 85' lang='lat' dir='ltr'>nt</span> <span class='ocrx_word' id='word_1_156' title='bbox 1125 3148 1153 3186; x_wconf 84' lang='lat' dir='ltr'>et</span> 
     </span>
     <span class='ocr_line' id='line_1_25' title="bbox 152 3217 1152 3297; baseline -0.004 -23"><span class='ocrx_word' id='word_1_157' title='bbox 152 3236 234 3276; x_wconf 80' lang='lat' dir='ltr'>vetus</span> <span class='ocrx_word' id='word_1_158' title='bbox 252 3225 271 3273; x_wconf 72' lang='lat'>1³</span> <span class='ocrx_word' id='word_1_159' title='bbox 274 3222 428 3276; x_wconf 69' lang='lat' dir='ltr'>surentinos</span> <span class='ocrx_word' id='word_1_160' title='bbox 445 3222 507 3274; x_wconf 79' lang='lat' dir='ltr'>teste</span> <span class='ocrx_word' id='word_1_161' title='bbox 525 3221 629 3297; x_wconf 74' lang='lat' dir='ltr'>Regio,</span> <span class='ocrx_word' id='word_1_162' title='bbox 650 3219 698 3290; x_wconf 87' lang='lat' dir='ltr'>qni</span> <span class='ocrx_word' id='word_1_163' title='bbox 716 3221 820 3290; x_wconf 75' lang='lat' dir='ltr'>primns</span> <span class='ocrx_word' id='word_1_164' title='bbox 837 3221 913 3272; x_wconf 66' lang='lat' dir='ltr'>sumsit</span> <span class='ocrx_word' id='word_1_165' title='bbox 927 3217 1067 3294; x_wconf 51' lang='lat' dir='ltr'>promisso,</span> <span class='ocrx_word' id='word_1_166' title='bbox 1088 3237 1152 3270; x_wconf 79' lang='lat' dir='ltr'>cot·-</span> 
     </span>
     <span class='ocr_line' id='line_1_26' title="bbox 149 3303 1153 3368; baseline -0.007 -9"><span class='ocrx_word' id='word_1_167' title='bbox 149 3306 292 3359; x_wconf 79' lang='lat' dir='ltr'>firmatnm</span> <span class='ocrx_word' id='word_1_168' title='bbox 307 3305 404 3361; x_wconf 85' lang='lat' dir='ltr'>deinde</span> <span class='ocrx_word' id='word_1_169' title='bbox 419 3305 507 3359; x_wconf 60' lang='lat' dir='ltr'>Codri.</span> <span class='ocrx_word' id='word_1_170' title='bbox 522 3304 595 3359; x_wconf 81' lang='lat' dir='ltr'>Vols.</span> <span class='ocrx_word' id='word_1_171' title='bbox 613 3320 639 3357; x_wconf 81' lang='lat'>2.</span> <span class='ocrx_word' id='word_1_172' title='bbox 657 3303 741 3357; x_wconf 84' lang='lat' dir='ltr'>Goth.</span> <span class='ocrx_word' id='word_1_173' title='bbox 760 3307 839 3356; x_wconf 68' lang='lat' dir='ltr'>liern.</span> <span class='ocrx_word' id='word_1_174' title='bbox 855 3303 940 3368; x_wconf 85' lang='lat' dir='ltr'>(miro</span> <span class='ocrx_word' id='word_1_175' title='bbox 956 3305 1113 3358; x_wconf 68' lang='lat' dir='ltr'>inruentis,</span> <span class='ocrx_word' id='word_1_176' title='bbox 1137 3321 1153 3352; x_wconf 74' lang='lat' dir='ltr'>a</span> 
     </span>
     <span class='ocr_line' id='line_1_27' title="bbox 150 3384 1196 3460; baseline -0.006 -18"><span class='ocrx_word' id='word_1_177' title='bbox 150 3389 207 3443; x_wconf 79' lang='lat' dir='ltr'>fido</span> <span class='ocrx_word' id='word_1_178' title='bbox 225 3393 272 3442; x_wconf 81' lang='lat' dir='ltr'>sao</span> <span class='ocrx_word' id='word_1_179' title='bbox 288 3390 397 3448; x_wconf 80' lang='lat' dir='ltr'>Achate,</span> <span class='ocrx_word' id='word_1_180' title='bbox 420 3389 647 3460; x_wconf 76' lang='lat' dir='ltr'>Gnelserbytano,</span> <span class='ocrx_word' id='word_1_181' title='bbox 666 3387 805 3455; x_wconf 81' lang='lat' dir='ltr'>dissensu).</span> <span class='ocrx_word' id='word_1_182' title='bbox 851 3387 1021 3441; x_wconf 80' lang='lat' dir='ltr'>Manifestior</span> <span class='ocrx_word' id='word_1_183' title='bbox 1035 3384 1150 3457; x_wconf 81' lang='lat' dir='ltr'>quidem</span> <span class='ocrx_word' id='word_1_184' title='bbox 1192 3396 1196 3411; x_wconf 83' lang='lat'><strong>¹</strong></span> 
     </span>
     <span class='ocr_line' id='line_1_28' title="bbox 150 3470 1147 3544; baseline -0.006 -18"><span class='ocrx_word' id='word_1_185' title='bbox 150 3474 186 3526; x_wconf 84' lang='lat' dir='ltr'>est</span> <span class='ocrx_word' id='word_1_186' title='bbox 217 3474 270 3525; x_wconf 78' lang='lat' dir='ltr'>loci</span> <span class='ocrx_word' id='word_1_187' title='bbox 300 3474 444 3525; x_wconf 80' lang='lat' dir='ltr'>lsoratiani</span> <span class='ocrx_word' id='word_1_188' title='bbox 466 3474 640 3535; x_wconf 56' lang='lat' dir='ltr'>significatio.</span> <span class='ocrx_word' id='word_1_189' title='bbox 669 3491 751 3542; x_wconf 84' lang='lat' dir='ltr'>quem</span> <span class='ocrx_word' id='word_1_190' title='bbox 776 3470 948 3544; x_wconf 77' lang='lat' dir='ltr'>Quintiliano</span> <span class='ocrx_word' id='word_1_191' title='bbox 972 3470 1147 3523; x_wconf 73' lang='lat' dir='ltr'>oin-ersatnrn</span> 
     </span>
     <span class='ocr_line' id='line_1_29' title="bbox 147 3542 1148 3635; baseline -0.006 -24"><span class='ocrx_word' id='word_1_192' title='bbox 147 3576 235 3611; x_wconf 81' lang='lat' dir='ltr'>nemo</span> <span class='ocrx_word' id='word_1_193' title='bbox 256 3555 335 3610; x_wconf 80' lang='lat' dir='ltr'>tacite</span> <span class='ocrx_word' id='word_1_194' title='bbox 357 3542 514 3635; x_wconf 76' lang='lat' dir='ltr'>negaverit,</span> <span class='ocrx_word' id='word_1_195' title='bbox 534 3559 563 3608; x_wconf 87' lang='lat' dir='ltr'>in</span> <span class='ocrx_word' id='word_1_196' title='bbox 581 3557 712 3628; x_wconf 64' lang='lat' dir='ltr'>scriptura</span> <span class='ocrx_word' id='word_1_197' title='bbox 730 3555 876 3634; x_wconf 63' lang='lat' dir='ltr'>promfffim</span> <span class='ocrx_word' id='word_1_198' title='bbox 920 3555 971 3609; x_wconf 84' lang='lat' dir='ltr'>Sed</span> <span class='ocrx_word' id='word_1_199' title='bbox 988 3554 1148 3612; x_wconf 78' lang='lat' dir='ltr'>haeserunt,</span> 
     </span>
     <span class='ocr_line' id='line_1_30' title="bbox 147 3637 1146 3715; baseline -0.005 -21"><span class='ocrx_word' id='word_1_200' title='bbox 147 3640 228 3715; x_wconf 78' lang='lat' dir='ltr'>qnod</span> <span class='ocrx_word' id='word_1_201' title='bbox 253 3640 384 3713; x_wconf 72' lang='lat' dir='ltr'>putabant</span> <span class='ocrx_word' id='word_1_202' title='bbox 405 3645 474 3696; x_wconf 74' lang='lat' dir='ltr'>tanti</span> <span class='ocrx_word' id='word_1_203' title='bbox 488 3645 574 3713; x_wconf 68' lang='lat' dir='ltr'>raperis</span> <span class='ocrx_word' id='word_1_204' title='bbox 589 3642 698 3711; x_wconf 64' lang='lat' dir='ltr'>«signnm</span> <span class='ocrx_word' id='word_1_205' title='bbox 714 3638 794 3691; x_wconf 77' lang='lat' dir='ltr'>satiat·</span> <span class='ocrx_word' id='word_1_206' title='bbox 810 3661 865 3691; x_wconf 86' lang='lat' dir='ltr'>non</span> <span class='ocrx_word' id='word_1_207' title='bbox 883 3640 931 3692; x_wconf 80' lang='lat' dir='ltr'>nist</span> <span class='ocrx_word' id='word_1_208' title='bbox 947 3661 960 3690; x_wconf 86' lang='lat' dir='ltr'>a</span> <span class='ocrx_word' id='word_1_209' title='bbox 977 3640 1065 3711; x_wconf 81' lang='lat' dir='ltr'>poetis</span> <span class='ocrx_word' id='word_1_210' title='bbox 1082 3637 1146 3690; x_wconf 79' lang='lat' dir='ltr'>dici.</span> 
     </span>
     <span class='ocr_line' id='line_1_31' title="bbox 145 3723 1192 3799; baseline -0.003 -23"><span class='ocrx_word' id='word_1_211' title='bbox 145 3728 186 3781; x_wconf 76' lang='lat' dir='ltr'>Ea</span> <span class='ocrx_word' id='word_1_212' title='bbox 210 3725 323 3796; x_wconf 71' lang='lat' dir='ltr'>qnidam</span> <span class='ocrx_word' id='word_1_213' title='bbox 347 3724 498 3799; x_wconf 76' lang='lat' dir='ltr'>disputatio</span> <span class='ocrx_word' id='word_1_214' title='bbox 520 3723 673 3777; x_wconf 73' lang='lat' dir='ltr'>lubricant</span> <span class='ocrx_word' id='word_1_215' title='bbox 691 3725 838 3795; x_wconf 73' lang='lat' dir='ltr'>ctpancis,</span> <span class='ocrx_word' id='word_1_216' title='bbox 861 3739 891 3775; x_wconf 85' lang='lat' dir='ltr'>nt</span> <span class='ocrx_word' id='word_1_217' title='bbox 907 3724 1035 3781; x_wconf 78' lang='lat' dir='ltr'>videtur,</span> <span class='ocrx_word' id='word_1_218' title='bbox 1057 3740 1149 3774; x_wconf 78' lang='lat' dir='ltr'>exem·</span> <span class='ocrx_word' id='word_1_219' title='bbox 1190 3784 1192 3789; x_wconf 70' lang='lat'>,</span> 
     </span>
     <span class='ocr_line' id='line_1_32' title="bbox 144 3805 1253 3887; baseline -0.007 -23"><span class='ocrx_word' id='word_1_220' title='bbox 144 3809 202 3887; x_wconf 69' lang='lat' dir='ltr'>plis</span> <span class='ocrx_word' id='word_1_221' title='bbox 226 3809 336 3862; x_wconf 81' lang='lat' dir='ltr'>nititur.</span> <span class='ocrx_word' id='word_1_222' title='bbox 390 3812 516 3863; x_wconf 78' lang='lat' dir='ltr'>Attamen</span> <span class='ocrx_word' id='word_1_223' title='bbox 538 3828 573 3860; x_wconf 83' lang='lat' dir='ltr'>no</span> <span class='ocrx_word' id='word_1_224' title='bbox 595 3823 690 3881; x_wconf 70' lang='lat' dir='ltr'>poetae</span> <span class='ocrx_word' id='word_1_225' title='bbox 712 3809 825 3880; x_wconf 68' lang='lat' dir='ltr'>quidem</span> <span class='ocrx_word' id='word_1_226' title='bbox 848 3808 897 3861; x_wconf 76' lang='lat' dir='ltr'>stac</span> <span class='ocrx_word' id='word_1_227' title='bbox 920 3809 1052 3861; x_wconf 79' lang='lat' dir='ltr'>structura</span> <span class='ocrx_word' id='word_1_228' title='bbox 1072 3805 1148 3858; x_wconf 82' lang='lat' dir='ltr'>usuri</span> <span class='ocrx_word' id='word_1_229' title='bbox 1248 3808 1253 3825; x_wconf 68' lang='lat'>³</span> 
     </span>
    </p>
   </div>
   <div class='ocr_carea' id='block_1_4' title="bbox 139 4000 1147 4241">
    <p class='ocr_par' dir='ltr' id='par_1_5' title="bbox 139 4000 1147 4241">
     <span class='ocr_line' id='line_1_33' title="bbox 187 4000 1146 4081; baseline -0.006 -18"><span class='ocrx_word' id='word_1_230' title='bbox 187 4008 337 4080; x_wconf 68' lang='lat' dir='ltr'>defigeris</span> <span class='ocrx_word' id='word_1_231' title='bbox 355 4011 488 4062; x_wconf 65' lang='lat' dir='ltr'>orationis.</span> <span class='ocrx_word' id='word_1_232' title='bbox 518 4006 626 4081; x_wconf 58' lang='grc' dir='ltr'>ΗΜ.</span> <span class='ocrx_word' id='word_1_233' title='bbox 709 4005 774 4079; x_wconf 71' lang='lat' dir='ltr'>quis</span> <span class='ocrx_word' id='word_1_234' title='bbox 798 4006 839 4058; x_wconf 72' lang='lat' dir='ltr'>sic</span> <span class='ocrx_word' id='word_1_235' title='bbox 868 4035 908 4047; x_wconf 89' lang='lat'>-</span> <span class='ocrx_word' id='word_1_236' title='bbox 937 4006 1055 4080; x_wconf 77' lang='lat' dir='ltr'>dignum.</span> <span class='ocrx_word' id='word_1_237' title='bbox 1100 4000 1146 4058; x_wconf 80' lang='lat' dir='ltr'>Ob</span> 
     </span>
     <span class='ocr_line' id='line_1_34' title="bbox 139 4088 1147 4163; baseline -0.009 -16"><span class='ocrx_word' id='word_1_238' title='bbox 139 4114 167 4151; x_wconf 74' lang='lat' dir='ltr'>e.</span> <span class='ocrx_word' id='word_1_239' title='bbox 186 4112 216 4147; x_wconf 83' lang='grc' dir='ltr'>ι.</span> <span class='ocrx_word' id='word_1_240' title='bbox 233 4106 251 4145; x_wconf 85' lang='lat'>2</span> <span class='ocrx_word' id='word_1_241' title='bbox 268 4106 294 4145; x_wconf 85' lang='lat' dir='ltr'>et</span> <span class='ocrx_word' id='word_1_242' title='bbox 309 4105 336 4159; x_wconf 85' lang='lat'>3.</span> <span class='ocrx_word' id='word_1_243' title='bbox 671 4088 766 4142; x_wconf 71' lang='lat' dir='ltr'>censos</span> <span class='ocrx_word' id='word_1_244' title='bbox 788 4104 845 4142; x_wconf 80' lang='lat' dir='ltr'>orat</span> <span class='ocrx_word' id='word_1_245' title='bbox 867 4093 964 4143; x_wconf 83' lang='lat' dir='ltr'>Horat.</span> <span class='ocrx_word' id='word_1_246' title='bbox 991 4101 1048 4147; x_wconf 77' lang='lat' dir='ltr'>nrt.</span> <span class='ocrx_word' id='word_1_247' title='bbox 1074 4103 1147 4163; x_wconf 81' lang='lat' dir='ltr'>poet.</span> 
     </span>
     <span class='ocr_line' id='line_1_35' title="bbox 675 4173 981 4241; baseline -0.007 -11"><span class='ocrx_word' id='word_1_248' title='bbox 675 4186 740 4241; x_wconf 72' lang='lat'>258.</span> <span class='ocrx_word' id='word_1_249' title='bbox 764 4173 822 4229; x_wconf 76' lang='lat' dir='ltr'>rid.</span> <span class='ocrx_word' id='word_1_250' title='bbox 836 4190 893 4228; x_wconf 82' lang='lat' dir='ltr'>not.</span> <span class='ocrx_word' id='word_1_251' title='bbox 911 4176 981 4232; x_wconf 87' lang='lat' dir='ltr'>Crit.</span> 
     </span>
    </p>
   </div>
   <div class='ocr_carea' id='block_1_5' title="bbox 0 0 1302 4710">
    <p class='ocr_par' dir='ltr' id='par_1_6' title="bbox 0 0 1302 4710">
     <span class='ocr_line' id='line_1_36' title="bbox 0 0 1302 4710; baseline 0 3"><span class='ocrx_word' id='word_1_252' title='bbox 0 0 1302 4710; x_wconf 95' lang='lat' dir='ltr'> </span> 
     </span>
    </p>
   </div>
  </div>
 </body>
</html>
