2596 4710
146 301 169 370 o
267 298 323 369 Μ.
344 286 445 369 rin.
467 301 630 392 ournr.
652 293 968 368 rnoonnnnr.

146 488 247 562 toria
258 484 493 588 scripseram,
509 472 586 581 lain
597 486 1022 584 emittereinciperem:
1052 510 1169 597 nam*

146 600 230 702 ipse
257 628 322 677 eos
352 603 536 677 nondum
562 601 648 678 satis
685 602 875 700 opinabar
897 597 1144 675 maturuisse:

104 768 109 777 -
149 719 297 816 quibus
331 719 638 817 componendis,
674 719 735 791 uti
772 715 863 805 scis,
899 716 1020 814 paulo
1054 717 1148 811 plus

150 860 271 936 quam
293 835 525 923 biennium,
562 851 621 909 tot
646 834 797 930 alioqui
820 832 988 931 negotiis
1017 828 1174 903 distri-2

152 965 255 1034 etue,
286 949 485 1049 impendi:
517 948 629 1047 qnod
653 965 810 1046 tempus
838 973 921 1021 non
950 961 1030 1019 tarn
1048 943 1150 1033 stilo,

152 1088 269 1161 quant
288 1063 538 1163 inquisitioni
553 1063 721 1138 instituti
738 1065 867 1161 operis
885 1086 1008 1160 prope
1017 1057 1154 1133 infini-

153 1180 195 1261 ti,
218 1194 256 1250 et
273 1179 450 1278 legendis
464 1182 704 1263 auctoribus,
733 1180 803 1275 qui
819 1177 910 1251 sunl
924 1181 1154 1252 innumera-

130 1292 274 1380 2biles‚
302 1295 439 1369 datum
466 1294 529 1367 est.
569 1292 664 1368 usus
684 1292 829 1366 deinde
855 1291 1009 1367 Horatii
1026 1288 1153 1366 conlis

153 1407 232 1493 lio,
261 1412 399 1505 quiin
418 1424 498 1483 arte
516 1411 669 1511 poetica
688 1406 846 1497 suadet,
880 1432 932 1482 ne
960 1405 1155 1508 praecipi·

28 1592 37 1609 ,
124 1528 127 1533 ’
152 1535 259 1598 tetur
284 1522 421 1612 editio,

257 1755 309 1772 —
329 1748 505 1813 nonumque
524 1743 688 1811 prematur
709 1730 743 1789 in
766 1748 901 1801 antrum,

159 1902 299 1980 dabam
324 1911 373 1985 iis
397 1915 544 2000 otium,
580 1928 627 1986 ut
645 1908 880 2009 refrigerato
910 1909 1159 1984 inventionis

159 2044 310 2112 amore,
348 2026 579 2128 diligentius
611 2030 798 2126 repetitos
829 2041 1016 2121 tanquam
1035 2025 1191 2097 lector.

135 2139 458 2237 aperpenderern.
518 2142 594 2218 Sed
608 2142 647 2216 li
671 2157 873 2240 tantopere
889 2138 1164 2238 efflagitantur,

159 2277 281 2350 quam
309 2272 355 2330 tu
384 2258 567 2361 affirmem,
603 2259 876 2359 permittamus
901 2256 990 2327 vela
1018 2255 1164 2340 ventiS,

106 2360 108 2371 '
161 2382 201 2439 et
227 2394 336 2445 oram
362 2370 607 2450 solventibus
632 2374 733 2447 bene
762 2394 981 2469 precemur.
1047 2369 1187 2444 Mul-5

160 2496 249 2557 tum
273 2501 405 2575 autem
428 2493 473 2565 in
501 2505 571 2565 tua
592 2510 756 2589 quoque
789 2481 867 2558 fide
893 2510 935 2558 uc
955 2484 1165 2585 diligentia

160 2596 333 2698 politum
362 2600 439 2694 est,
488 2606 602 2680 utin
627 2625 770 2678 manus
799 2599 1017 2676 hominum
1041 2624 1164 2699 quam

160 2715 457 2795 emendatiffimi
472 2721 657 2796 ,veniant

196 2909 274 2987 fillo.
316 2916 460 2973 scribendi
473 2917 572 2974 labori.
600 2920 646 2975 De
676 2915 812 2978 „mliunt
834 2912 929 2975 sullae,
951 2935 1061 2991 orasque
1077 2930 1105 2970 et
1120 2935 1169 2968 an-

163 2999 299 3052 orationis
323 3003 417 3058 indole
442 3005 584 3060 enimnon
603 3023 647 3061 co·
678 3019 755 3056 corae
776 3031 811 3045 -
830 2998 1024 3074 praecidunt-‘⁴
1062 3001 1168 3055 Consu·

162 3082 318 3160 giraudum.
679 3085 758 3141 lead
781 3086 828 3139 isla
850 3083 912 3165 loca
928 3083 1169 3139 Drakenborchia·

680 3189 745 3225 nam
769 3169 931 3224 editionem.
984 3172 1053 3222 Item
1077 3162 1190 3223 noller'

680 3254 737 3326 lq,
754 3273 776 3306 c.
789 3269 815 3311 2,
832 3254 855 3319 b.
866 3263 916 3322 4¹·
941 3251 1075 3307 solvimus
1085 3274 1168 3313 oram,

205 3343 278 3379 oram
290 3325 466 3400 solventibus.
512 3330 647 3389 Oramfu-
679 3358 768 3410 neque
795 3337 837 3390 ibi
863 3336 1015 3409 quidquam
1042 3339 1171 3391 varialut

162 3424 226 3461 ”em
242 3410 386 3467 ”amicum
404 3417 473 3478 effe»
494 3436 551 3490 quo
568 3421 646 3482 navio
678 3423 712 3477 ab
728 3422 800 3476 Aldo
816 3437 843 3474 et
860 3421 948 3474 codd.
991 3424 1063 3475 Scira
1077 3424 1112 3477 est
1123 3421 1172 3476 ob-

164 3490 309 3568 alligetur,
328 3498 389 3552 satie
401 3519 514 3574 apparet
530 3523 563 3556 ex
580 3502 649 3558 locis
683 3509 800 3562 servatio
826 3508 939 3559 Gesneri
964 3509 994 3558 in
1017 3508 1171 3569 Thesauro,

165 3575 531 3659 Livinriel.22.cap.19.
562 3589 650 3649 „Vix-
682 3592 776 3645 videri
812 3593 889 3644 ulum
921 3590 1053 3646 vocabuli
1088 3592 1171 3646 fuiffe

165 3659 253 3721 nidum
292 3681 387 3718 ornnes
428 3671 649 3731 conscenderant,
682 3674 757 3748 plebi
775 3690 801 3728 et
818 3675 1172 3749 ipsisnantispeculiarem,

167 3763 250 3805 „cum
268 3745 315 3799 elii
326 3749 451 3806 resolutis
462 3758 514 3807 oris
532 3755 651 3810 iurlnco·
684 3774 715 3812 ut
732 3774 846 3831 propter
863 3758 890 3811 id
909 3760 999 3833 ipsum
1007 3761 1072 3818 effet
1080 3761 1172 3817 rarior

165 3845 229 3890 otu
246 3830 483 3892 evehmitur“cet.
508 3837 527 3893 l.
539 3849 588 3910 28,
600 3842 649 3910 36.
683 3841 758 3916 apud
774 3843 929 3917 scriptores.

205 3201 232 3252 in
247 3216 306 3252 arte
321 3218 394 3277 poet.
416 3225 444 3260 v.
460 3215 531 3276 588.

499 4033 864 4063 *Ἤ
