2596 4710
140 280 227 364 tc
388 272 470 341 at.
495 274 596 343 ran.
623 272 937 366 outnrrtnur

177 461 320 538 tollere
346 457 609 561 effingendae‚
645 485 767 558 quam
797 457 993 533 lumniam
1018 472 1184 556 putant,

131 614 138 625 ·
176 578 430 676 eloquentiae
464 568 692 653 ¹audebunt:
728 577 910 675 proxima
929 574 1185 672 anrplectun-

177 708 246 769 tur
268 694 409 789 magis,
437 707 488 768 ut
510 693 612 767 vites
633 691 841 767 arboribus
865 689 1098 789 applicitae,
1119 690 1185 763 in·

177 804 345 883 seriores
362 808 476 908 prius
492 806 830 907 apprehendendo
844 830 985 892 rantoS,
1009 806 1053 877 in
1069 830 1185 881 cacu-

132 909 290 1001 nimina
321 921 508 997 evadunt
568 920 691 1027 Quod
722 920 822 996 adeo
852 945 996 996 verum
1028 916 1104 1007 est,
1136 936 1184 995 ut

110 1094 114 1113 .
179 1037 302 1138 ipsius
320 1040 440 1113 etiam
456 1035 652 1136 magistri,
682 1033 710 1110 fi
728 1052 858 1111 tamen
876 1033 1090 1113 antbitiosts
1103 1037 1185 1109 uti·

136 1203 142 1210 -
178 1156 234 1229 lia
248 1151 463 1255 praeferet,
488 1154 687 1251 hocopus
707 1151 770 1239 stt,
807 1176 898 1227 curn
914 1150 1045 1225 adhuc
1063 1148 1184 1225 rudia

177 1267 357 1343 tractabit
374 1270 552 1367 ingenia,
574 1294 658 1342 non
681 1266 809 1341 statim
825 1291 989 1343 onerare
1011 1262 1183 1339 infirmi·

175 1399 299 1463 ,tatem
323 1382 578 1473 discentium,
613 1381 680 1456 sed
710 1398 926 1482 temperare
950 1384 1057 1455 vires
1082 1378 1183 1469 luas,

133 1514 221 1581 caet
238 1497 287 1572 ad
306 1498 556 1573 intellectum
570 1497 768 1601 audientis
788 1490 1034 1571 descendere.
1074 1498 1182 1573 Nam

175 1631 228 1699 ,ut
254 1610 411 1689 vascula
439 1614 519 1689 oris
550 1610 705 1712 angusti
728 1609 972 1713 superfusam
998 1611 1185 1697 humoris

181 1729 336 1826 copiam
353 1726 562 1825 respuunt:
594 1726 734 1800 l'enlim
751 1741 882 1801 autem
899 1724 1183 1816 'influentibua

179 1845 246 1917 vel
278 1843 396 1915 etiam
424 1840 621 1917 instillatis
656 1844 929 1941 complentur:
970 1840 1022 1915 fic
1045 1842 1184 1917 'animi

178 1981 403 2059 puerorum
427 1972 624 2056 quantum
646 1958 826 2058 excipere
854 1956 1012 2057 polluit,
1039 1957 1184 2033 viden·

179 2073 282 2148 dunt
298 2070 362 2146 est.
393 2097 487 2146 nam
500 2078 648 2167 majora
666 2074 883 2161 intellectu,
907 2074 1020 2148 velut
1039 2098 1184 2173 partmr

98 2188 103 2199 '
176 2187 335 2288 apertos
358 2185 407 2261 ad
428 2178 754 2287 percipiendum,
792 2190 945 2263 animos
967 2214 1053 2263 non
1073 2185 1229 2265 lubi-5²

134 2305 294 2385 abunt.
352 2305 461 2377 Utile
484 2305 609 2403 igitur
632 2302 687 2377 est
711 2303 876 2389 habere,
906 2330 1007 2399 quos
1034 2303 1185 2377 imitari

178 2421 377 2521 primum,
407 2443 502 2494 mox
525 2420 685 2493 vincere
711 2419 822 2492 velis.
852 2420 904 2491 ita
930 2420 1124 2518 paulatim
1143 2432 1183 2493 et

177 2532 433 2633 superiorum
447 2529 533 2633 spes
549 2534 633 2607 erit.
694 2534 766 2609 llis
783 2534 939 2626 adjicio,
955 2550 1184 2634 praecepto·

175 2674 240 2727 res
263 2647 371 2749 ipsos
392 2673 477 2723 non
503 2647 613 2722 idem
638 2650 781 2724 mentis
805 2676 848 2722 ac
869 2647 1030 2749 spiritus
1053 2651 1098 2724 in
1121 2648 1184 2725 tli-

177 2756 306 2842 cendo
333 2758 440 2863 polle
465 2752 673 2863 cundpere
698 2762 861 2865 lingulis
890 2780 1044 2840 tantum
1071 2788 1183 2867 prae·

239 3015 338 3067 inritati
350 3014 466 3086 primum
481 3030 547 3066 mox
564 3018 669 3069 vincere
685 3015 760 3070 velis.
803 3017 881 3069 Boua
905 3013 1020 3068 videtur
1041 3009 1188 3071 Gebhardi

175 3095 274 3172 κρίσις,
298 3097 348 3168 qui
362 3112 415 3170 pro
428 3094 577 3151 novissimo
594 3098 732 3152 vocabulo
748 3098 827 3152 malit
841 3101 922 3158 volit,
944 3100 1024 3171 quia,
1045 3098 1081 3151 de
1095 3114 1186 3172 puero

175 3183 210 3233 ud
231 3180 389 3258 magistros,
411 3178 579 3254 Quintiliani
594 3186 627 3236 fit
643 3185 741 3238 sermo.
785 3184 886 3239 Affnnt
903 3185 943 3237 ita
958 3182 1114 3261 corrigenti
1126 3198 1186 3237 uon

174 3268 258 3341 pauci
272 3264 361 3321 codd.
377 3280 409 3318 ut
423 3280 451 3318 et
465 3265 552 3321 Goth.

174 3470 238 3527 riis:
259 3465 288 3518 in
308 3484 365 3537 quo
381 3465 552 3540 potiffirnum
568 3465 660 3539 displi-
700 3483 780 3526 nrm.
802 3466 861 3539 poll
882 3464 1065 3545 singularem,
1088 3479 1121 3519 ut
1138 3463 1187 3521 hie

174 3566 234 3610 cet,
277 3550 354 3622 quod
385 3552 515 3604 clementa
544 3552 591 3603 illa
621 3551 660 3603 ait
701 3551 833 3611 humoris,
870 3553 999 3625 usurpare
1036 3550 1187 3624 pluralem.

85 3630 88 3639 '
172 3649 280 3708 putare.
325 3635 438 3708 Repetit
454 3653 525 3709 quae
548 3633 658 3707 lticpo·
702 3653 766 3687 curn
779 3634 813 3688 tle
830 3637 958 3689 universo
974 3635 1069 3707 aliquo
1083 3652 1187 3713 genere

173 3718 231 3772 luit
255 3732 289 3778 2.
312 3732 347 3785 3,
374 3737 420 3773 ιο.
450 3717 500 3772 ubi
529 3720 660 3772 elementa
701 3718 801 3794 agitur.
824 3721 1184 3774 steterantnunnctr.

115 3824 122 3839 ·
173 3802 297 3855 mutavit
314 3801 430 3877 firttlt'is,
452 3801 547 3856 callem
569 3816 659 3856 meto·
700 3805 742 3856 Sc.
761 3816 788 3854 Ω.
814 3823 842 3856 v.
861 3814 909 3871 87.
933 3816 983 3874 88.
1009 3804 1187 3865 „Eunmlurm

171 3886 278 3961 uymia.
695 3886 793 3951 „nlixti
816 3886 888 3941 velle
912 3904 938 3943 te
963 3890 1035 3962 Quin
1050 3888 1122 3943 lolae
1143 3888 1186 3943 tis

213 3969 434 4043 influentibus-
447 3966 592 4044 instillatis.
612 3969 658 4031 Π
700 3985 822 4023 utuntur
851 3975 1003 4052 reginae‚“
1035 3972 1088 4029 ubi
1117 3970 1186 4029 ville

170 4050 225 4111 ltoc
247 4074 284 4111 ex
302 4073 381 4110 inore
397 4068 526 4111 veterum
544 4055 657 4131 scripto·
697 4056 855 4137 Donatum.
