2596 4710
137 782 337 907 mandasti
362 788 433 873 too
459 790 551 873 mihi
578 792 736 873 videtur
758 809 797 871 et
827 784 1055 906 imperaffe‚
1092 810 1138 869 ut

147 966 235 1051 Tibi
264 971 401 1072 palam
433 974 628 1051 traderem
666 972 765 1051 tane
804 996 964 1070 operam
1000 998 1134 1047 meam

142 1146 256 1260 Quae
272 1144 317 1260 fi
340 1143 526 1259 uersatur
553 1155 593 1226 in
617 1177 762 1255 genere
789 1149 1008 1239 literarum,
1036 1149 1144 1247 quod

150 1325 212 1404 Tu
228 1318 391 1432 scriptis
419 1331 573 1429 quidem
608 1332 702 1407 Tuis
727 1356 802 1405 non
828 1320 1018 1435 attigisti,
1044 1325 1143 1399 mul-

142 1505 193 1579 tis
220 1517 368 1594 tamen,
395 1522 439 1581 ut
456 1508 560 1596 dixi,
588 1504 796 1583 reorninibus
824 1506 880 1583 ad
913 1508 970 1587 Te
993 1491 1144 1613 potiffi·

146 1704 251 1757 mum
275 1707 327 1758 ea
351 1689 528 1784 pertinet.
590 1687 825 1784 Scriptorem
852 1684 1027 1785 equidem
1054 1679 1146 1757 mihi

128 1828 264 1969 ¹stcmfi
300 1861 457 1939 interius
485 1856 787 1973 cognoscendum
822 1877 861 1939 et
893 1855 1149 1961 popularibus

147 2039 258 2128 meis,
291 2041 360 2117 oei
374 2036 419 2152 fi
445 2046 530 2144 quis
557 2039 899 2143 maerorumlroec
925 2031 1062 2145 nostra
1089 2030 1151 2144 est

150 2206 414 2323 respectemus,
440 2220 785 2307 commendandum
809 2212 904 2333 pest
932 2215 1014 2317 ejus
1042 2240 1153 2315 repe·

153 2395 322 2469 titionem
350 2394 589 2497 aliquamdiu
609 2387 870 2511 iruermiffium,
898 2396 977 2493 qui,
1004 2408 1044 2466 et
1061 2416 1153 2493 ope-

154 2574 209 2646 tir
235 2577 401 2650 materia
428 2589 467 2651 et
483 2569 681 2683 scribendi
707 2577 846 2661 animo,
874 2596 1060 2677 magnum
1085 2566 1156 2643 lia·

153 2740 262 2825 beret
287 2774 371 2826 cum
401 2755 556 2858 ingenio
598 2753 682 2831 Tuo
718 2752 993 2856 cognationem.
1066 2749 1157 2824 Pri·

157 2953 259 3001 mum
287 2932 385 3005 euim
412 2933 498 3030 quis
525 2925 692 3018 dubitet,
742 2930 836 3029 quin
863 2928 1001 3005 orandi
1029 2928 1157 3031 mugi-

151 3097 240 3211 fler
255 3104 434 3212 diligenti
465 3132 562 3181 rmus
589 3122 689 3181 recte
715 3108 892 3181 mittatur
915 3103 971 3179 ad
993 3103 1061 3190 Te,
1090 3104 1159 3199 qui

159 3283 316 3363 dicendo
343 3284 400 3359 ad
421 3282 610 3386 populum
634 3281 794 3389 longam
815 3296 982 3357 aetatem
1000 3272 1160 3389 summa

161 3484 247 3533 eum
272 3466 411 3565 gratia
440 3479 480 3537 et
508 3450 790 3567 exrstimatione
818 3460 1024 3565 exegeris?
1068 3454 1160 3529 No-

161 3639 206 3716 vi
233 3637 408 3736 equidem
436 3653 674 3736 quantopere
699 3631 835 3750 soleas
860 3664 888 3713 a
925 3636 981 3710 Te
1010 3627 1162 3707 amoliri

162 3836 310 3891 omnem
337 3811 555 3924 artificialis
582 3816 821 3919 eloquentiae
850 3807 1053 3897 ambitum,
1097 3832 1163 3881 ne·

163 3984 331 4104 quefim
351 3988 467 4103 fliius
503 3996 561 4072 Te
588 3995 730 4104 dignus
747 3988 792 4108 fi
819 3997 859 4069 iu
883 3989 1020 4067 ¹laudes
1056 3988 1194 4087 Tuas⁸
