2596 4710
239 321 365 393 rnsr.
391 318 601 392 onaron
629 319 722 391 ne.
747 318 822 407 ιιι,
848 335 884 404 a.
986 324 1064 410 aaa

61 507 235 586 consiliis
260 509 425 608 abrupta
445 508 581 597 initia,
624 524 665 582 et
692 506 926 585 concitatius
951 504 1064 609 saepe

60 626 106 699 in
130 623 290 718 judiciis
314 623 485 713 dictum,
516 640 555 699 et
576 624 698 700 verba
721 639 848 724 aptata
873 621 994 699 rebus
1019 624 1065 698 in

53 755 237 840 utroque
256 763 421 840 genere,
449 755 489 814 et
507 739 710 815 breviores
730 737 948 838 aliquando
972 763 1066 813 cau·

59 854 193 931 sarum
219 857 436 943 orationes,
479 880 601 954 quam
623 851 924 930 sententiarum.
996 854 1110 938 Neo

59 970 131 1045 illa
153 968 318 1069 quidem
337 971 381 1045 in
404 970 467 1046 his
481 971 580 1045 vitia
603 967 886 1071 deprehendet,
916 969 1067 1068 quibus

58 1083 228 1183 quidam
253 1085 532 1161 declamatores
549 1085 748 1172 laborant,
774 1082 887 1183 quod
909 1100 949 1158 et
971 1109 1066 1159 con·

48 1214 121 1289 stra
153 1197 412 1277 sentientibus
440 1199 658 1277 inhumane
688 1200 981 1288 conviciantur,
1025 1214 1066 1279 et
1185 1262 1191 1275 ,

59 1314 116 1389 ita
135 1315 386 1415 plerumque.
404 1314 566 1405 dicunt,
605 1330 793 1414 tanquam
814 1315 862 1388 ab
884 1315 955 1403 iis,
991 1312 1065 1413 qui
1256 1392 1260 1407 ,

10 1448 55 1514 ιιι
65 1428 307 1519 deliberant,
344 1432 487 1530 utique
515 1427 761 1507 dillentiant:
794 1428 971 1528 ideoque
994 1428 1066 1503 ob·
1173 1518 1176 1525 Ι

60 1545 310 1644 jurgantibus
338 1544 546 1624 similiores
574 1543 685 1634 sunt,
719 1570 838 1644 quam
865 1542 1066 1620 suadenti·
1108 1596 1113 1607 ›

61 1659 147 1735 bus.
216 1663 322 1734 Haec
354 1658 616 1737 adolescentes
649 1658 723 1735 fibi
758 1658 900 1759 scripta
930 1657 1111 1747 scientae

60 1799 114 1849 ne
135 1773 248 1847 aliter
270 1799 392 1874 quam
414 1772 563 1850 dicturi
585 1773 699 1864 sunt,
728 1770 902 1849 exerceri
924 1772 1067 1863 velint,

52 1889 161 1965 etin
177 1885 450 1967 desuescendis
465 1904 687 1969 morentur.
742 1890 948 1977 Ceterum,
972 1912 1067 1965 oum
1143 1958 1151 1967 .

10 2208 14 2233 Ι
121 2152 208 2230 saepe
221 2157 250 2212 iu
261 2156 380 2228 indiciis.
422 2156 503 2215 Gelu.
520 2152 556 2211 de
569 2156 728 2231 conjectura
748 2152 862 2212 suadens
883 2134 964 2233 {aaut
982 2155 1069 2214 inlati

61 2239 122 2316 post
139 2239 241 2314 saepe,
261 2240 339 2297 aliud
357 2240 464 2321 agebat
503 2241 539 2296 ci.
554 2257 612 2297 not.
628 2258 707 2319 exeg.

126 2326 281 2401 aliquando.
322 2325 368 2381 Sic
390 2326 486 2383 Turic.
515 2324 608 2382 Gucli.
641 2323 729 2381 Goth.
756 2323 829 2385 Jeni.
858 2327 932 2393 (tae.
961 2322 1074 2391 Geta).

63 2428 129 2464 erun
144 2408 205 2463 edd.
222 2425 285 2467 ante
296 2412 385 2465 Stoer.
401 2412 471 2465 meis
487 2408 618 2465 omnibu
640 2409 691 2483 qai
704 2407 815 2484 primus
829 2408 980 2484 aliquanto·
1013 2408 1070 2464 Re·

62 2509 201 2548 vocarunt
221 2494 340 2547 nostram
356 2495 427 2553 Obr.
455 2496 499 2563 (in
515 2494 755 2549 emendationibus
770 2492 904 2566 repetitae
922 2488 1069 2568 lectionis)

62 2576 139 2633 noll.
156 2579 273 2653 Cappar.
288 2579 323 2633 ci.
339 2593 399 2634 not.
416 2598 496 2658 exeg.
538 2576 818 2653 Aliquantonimiurn
834 2589 909 2636 erat,
930 2573 990 2628 vid.
1004 2590 1067 2630 not.
1127 2574 1130 2579 ’

64 2680 143 2739 exeg.
159 2661 233 2730 adp.
251 2675 301 2734 59.
480 2660 699 2739 fimilicressace
712 2680 801 2736 quant.
843 2656 939 2715 Turio.
956 2657 1067 2713 omittit
1175 2690 1179 2699 ·

60 2743 144 2818 sant,
173 2742 249 2817 quod
267 2760 353 2818 paene
376 2763 543 2821 receperam.
585 2742 638 2799 Sed
660 2742 755 2798 nullus
778 2741 852 2800 liber
869 2739 990 2803 addicit,
1018 2758 1067 2797 na·
1162 2741 1168 2753 '

65 2846 121 2902 quc
145 2827 177 2880 in
198 2825 283 2881 altera
303 2824 450 2881 collatione
469 2840 642 2882 memoretur
661 2826 780 2881 amillio.

127 2911 227 2967 dicturi
242 2907 318 2985 sant.
361 2911 407 2964 sic
420 2911 516 2965 Turio.
530 2909 604 2966 Alm.
619 2908 713 2965 Guelf.
748 2907 863 2982 Reliqui
877 2909 905 2963 d.
913 2906 981 2985 fine·
1013 2908 1069 2964 sat

66 2986 104 3051 etl
124 2995 209 3069 ipfiut
232 2992 401 3068 Quintiliani
422 2994 605 3071 praedicentia
631 2993 738 3055 oratio,
781 3011 852 3067 quae
879 2991 1069 3050 indicativum

64 3081 162 3157 poscit.

110 3312 292 3369 breviores-
306 3312 448 3369 crationes.
470 3310 547 3384 Quae
588 3307 748 3388 grandibus,
769 3304 1067 3364 ledeandenainconli·
1144 3292 1147 3301 ⁵

66 3395 158 3475 vulgo
171 3410 302 3472 tanquam
315 3396 430 3471 propria
445 3397 548 3451 lenten-
589 3392 634 3448 liis
660 3412 713 3469 pro
741 3412 772 3448 re
798 3408 862 3448 nata
893 3393 1067 3457 varietatem.

69 3482 133 3541 tiis,
155 3481 183 3534 h.
198 3500 221 3537 e.
245 3482 386 3542 suasoriis,
414 3478 549 3552 jactabtn-
589 3477 727 3534 orationes
748 3478 778 3532 in
796 3476 909 3552 judiciis
922 3475 1067 3532 breviores

68 3582 136 3627 tur,
166 3584 196 3620 ca
216 3564 322 3644 fingula
342 3584 405 3620 cum
426 3567 457 3619 in
476 3563 550 3635 judi·
589 3581 673 3637 quam
686 3563 717 3617 in
731 3558 851 3617 consiliis
866 3562 905 3633 (l.
920 3563 984 3631 58).
1011 3562 1068 3619 Ne·-

69 3647 134 3707 eiali
155 3666 268 3723 qnoque
295 3668 395 3728 genere
416 3646 549 3709 inveniri.
589 3665 646 3721 que
680 3662 772 3701 tamen
806 3643 911 3719 ubique
939 3664 1000 3700 rcm
1028 3646 1069 3701 ita

70 3748 134 3789 tum
155 3731 241 3789 abess'e
258 3754 274 3788 a
291 3732 474 3789 deliberativo
488 3751 551 3787 rno-
590 3746 774 3805 comparatam
789 3729 840 3785 ell'e
854 3729 1001 3808 fignificat,
1020 3748 1069 3786 ve·

68 3832 134 3874 nat:
161 3816 244 3873 Initia
257 3835 315 3873 aon
330 3816 445 3894 abrupta
459 3818 489 3873 in
504 3815 551 3872 de·
589 3832 655 3871 rum
669 3816 825 3892 aliquando.
839 3813 868 3869 h.
878 3832 901 3868 e.
916 3812 1068 3871 interdum.

69 3901 249 3966 liberatione,
285 3902 498 3958 concitationem
519 3899 551 3956 in
590 3899 727 3958 viduor.
743 3899 820 3962 ada,
841 3907 870 3971 4,
892 3912 946 3975 59.

69 3985 184 4061 judiciis
197 3987 332 4060 majorem
346 4004 429 4060 quam
443 3986 474 4043 in
488 4002 553 4043 con·

70 4069 137 4128 ulti·
162 4072 207 4143 (i.
223 4070 301 4147 60),
327 4069 414 4129 rerba
433 4070 553 4127 humilia
633 4064 928 4146 flattina-quama-
941 4058 1069 4126 videat.

71 4153 275 4243 ialaumiliiua
287 4158 380 4221 unfit
399 4154 554 4238 grudiala
595 4155 672 4228 ctio
870 4172 873 4177 ·
