2596 4710
197 410 200 415 ,
259 333 333 424 560
495 326 552 397 n.
573 325 676 397 rau
703 322 1056 418 commum.

259 517 356 591 ctari
379 511 487 589 solet.
552 516 712 600 Honor,
750 513 862 587 utin
885 512 1066 612 temptis;
1106 515 1260 604 trtitittn,

259 631 375 707 utin
398 631 543 727 mutis3
575 626 821 725 pulchritudo
843 628 911 702 vel
930 644 1080 716 auctor,
1108 631 1264 705 utrobi·

260 771 351 845 que.
423 742 489 819 Est
515 760 554 817 et
577 743 778 830 locorum,
813 744 940 841 qualis
964 744 1126 818 Siciliae
1153 744 1262 845 apud

259 864 506 939 Ciceronem.
555 859 599 932 in
631 858 779 955 quibus
812 856 992 933 similiter
1009 852 1186 966 speciem
1221 877 1260 935 et
1268 884 1295 941 i:

259 975 463 1051 utilitatem
479 975 704 1047 intuemur:
723 967 908 1080 specim,
931 974 1155 1065 maritimis,
1177 977 1260 1075 pla·

257 1092 342 1178 nis,
372 1089 547 1165 amoenis
554 1113 566 1177 ς
614 1088 838 1175 utilitatem,
868 1085 1116 1179 salubribus,
1151 1088 1260 1165 ferti·

255 1204 376 1280 libus.
440 1206 526 1277 Erit
548 1203 668 1275 ctiam
690 1202 892 1278 dictorum
913 1201 1177 1281 honestorum
1201 1203 1259 1279 sa·

258 1333 494 1416 ctorumque
530 1319 618 1392 laus
653 1319 854 1417 generalis.
925 1319 1016 1391 Erit
1050 1334 1091 1393 et
1125 1346 1259 1396 rerum

213 1435 393 1512 nconmis
417 1433 541 1508 modi.
606 1436 713 1507 Num
737 1449 777 1506 et
795 1429 926 1507 somni
946 1449 985 1506 et
1005 1437 1147 1511 mortis
1167 1434 1257 1512 scri·

257 1562 348 1649 ptae
370 1548 527 1638 laudes,
569 1563 609 1622 et
636 1546 892 1648 quorundam
913 1572 935 1619 a
956 1548 1128 1627 medicis
1151 1550 1257 1630 cibo·

321 1778 408 1854 qualis
429 1777 501 1832 Stctt.
544 1777 640 1831 Ttnic.
670 1776 745 1852 quast
766 1777 839 1832 Sitit.

320 1861 384 1915 dict.
408 1858 577 1935 bonestorum
588 1858 660 1933 fact.
703 1863 744 1913 Ita
761 1860 854 1915 Guelf.
867 1860 966 1916 Turic-
980 1860 1056 1919 Alm.
1074 1863 1159 1921 Gom.
1172 1862 1254 1921 Bodl.

257 1947 342 2006 Rern.
360 1963 411 1999 neo
424 1943 522 1999 dubito
536 1946 608 2018 quin
622 1942 670 1997 alii
683 1942 863 2019 astipulentur
876 1944 986 2009 codd..
1015 1950 1102 2003 etiam
1116 1950 1165 2023 qni
1183 1949 1256 2007 blen-

260 2046 323 2092 tur;
346 2030 382 2085 est
395 2046 469 2084 certe
482 2028 550 2083 baec
566 2029 698 2102 scriptura
711 2030 740 2081 in
754 2027 815 2083 edd.
829 2030 898 2085 mett
911 2045 975 2084 ente
989 2032 1102 2107 Gryph.
1118 2034 1254 2095 omnibns,

258 2115 312 2190 qui
323 2115 441 2189 ,primun
465 2114 557 2168 omitit
578 2110 746 2187 bonestorum
768 2112 845 2185 qnod
861 2111 989 2188 deinceps
1004 2116 1036 2170 iu
1050 2116 1128 2173 nulla
1142 2119 1254 2173 invenio

258 2196 302 2254 ed.
345 2200 406 2255 Nec
427 2213 519 2252 temen
540 2197 623 2252 video
639 2216 724 2269 quere
738 2199 911 2271 respuamus,
940 2196 1023 2255 bonis
1036 2201 1199 2258 auctoribus
1211 2202 1255 2256 fir.

257 2295 376 2337 metum.
418 2285 481 2336 Hoc
494 2300 605 2353 quoque
618 2280 716 2335 ven‘tn
729 2297 800 2357 puto
820 2280 896 2354 quod
910 2281 979 2336 dant
990 2299 1020 2339 et
1033 2303 1088 2359 pro
1100 2290 1179 2341 etiem
1194 2302 1257 2341 ante

256 2365 325 2421 haec
348 2363 434 2419 verba
454 2365 549 2418 Turio
575 2364 661 2418 Goth.
690 2369 763 2436 (tac.
786 2367 886 2432 Geso.)
915 2368 991 2424 vom
1017 2382 1048 2425 a.
1074 2372 1156 2427 Bern.
1178 2370 1254 2427 Alm-

255 2446 352 2504 auat.
368 2465 426 2520 quo
438 2447 603 2502 concinnior
617 2449 649 2501 sit
659 2449 762 2503 oratio.
804 2448 857 2505 Sed
864 2464 1058 2525 praeterquam
1070 2452 1147 2527 quod
1160 2453 1254 2509 levius

253 2531 310 2587 hoc
325 2531 376 2593 est.
404 2530 503 2587 neceb
517 2531 579 2585 edd.
596 2544 667 2587 vett.
691 2531 855 2605 adjuvatur,
883 2536 1087 2600 ventuosam,
1115 2558 1150 2594 ue
1167 2539 1254 2599 nimie

211 2610 215 2619 ’
255 2615 400 2673 videretur
413 2616 474 2669 fieti
487 2615 535 2670 itta
548 2616 729 2673 concinnitas.

293 2815 370 2891 apud
387 2816 545 2883 Ciceronem.
573 2817 686 2875 Verrin.
702 2833 730 2880 2,
771 2818 805 2872 fit
825 2831 854 2872 et
874 2816 980 2875 sactum
1001 2821 1156 2892 ejusmodi,
1186 2821 1251 2878 cele-

254 2919 270 2955 ι
289 2901 361 2974 seqq.
388 2900 432 2955 sed
455 2916 482 2954 ct
502 2910 538 2972 4,
557 2911 607 2973 43.
629 2902 663 2956 dc
676 2906 731 2956 En·
771 2901 877 2957 bretur.

252 2988 328 3039 uensi
351 2986 467 3045 Cerere.
496 3005 566 3058 quae
584 2985 644 3041 loca
666 3005 730 3040 con·
806 2984 941 3061 somniet
960 2992 1061 3044 mortis.
1093 2989 1151 3063 Qui
1166 2990 1248 3062 hujus

252 3068 349 3148 jungit
363 3068 419 3142 ipsc
435 3071 607 3123 mentionem
627 3070 727 3125 sacient
769 3070 877 3147 generis
891 3069 986 3126 laudes
997 3074 1163 3146 scripserint,
1176 3094 1248 3128 nunc

248 3171 350 3217 corum
365 3156 444 3209 Orat.
461 3173 484 3207 c.
500 3153 550 3209 62.
768 3156 932 3209 succurrunt
951 3155 1031 3209 nulli.
1079 3161 1151 3213 Naro
1172 3158 1247 3233 qnod

767 3241 898 3316 Hegesiae
927 3232 1154 3316 ἆκοκαρτεροῧηι
1186 3245 1248 3296 elle·

289 3272 407 3350 speciem
421 3278 508 3329 morit.
524 3303 567 3317 —
586 3277 728 3335 utilitatem
946 3327 951 3336 Ι
1154 3326 1160 3337 ·

245 3357 351 3435 [αἰνὸν.
394 3361 451 3412 Etll
474 3357 568 3413 nullus
591 3358 662 3413 liber
683 3363 729 3415 ad.
768 3338 843 3382 ‘unt’
865 3326 1244 3381 m⁰¹⁰³⁰⁰m¹¹¹⁸¹¹dffl⁰¹¹em

766 3405 930 3468 habentem,
952 3407 1033 3478 (vid.
1057 3411 1116 3465 Cic.
1133 3411 1242 3465 Tuscul-

766 3491 843 3563 Disp.
871 3509 903 3550 r,
927 3491 999 3564 34.)
1028 3494 1058 3546 in
1079 3512 1113 3548 eo
1132 3495 1244 3549 nonest

766 3575 887 3631 oratoria
908 3594 968 3636 ure,
1003 3595 1106 3632 verum
1127 3579 1243 3654 philoso-

765 3657 846 3733 phica
860 3659 1003 3722 sententia,
1025 3662 1095 3718 serio
1105 3667 1241 3739 propolim

765 3742 821 3798 itta.

291 3816 500 3888 sausgeneralis.
521 3820 725 3879 ‚,Generatcm··
802 3830 968 3901 quorundum
983 3859 1026 3875 -
1040 3832 1166 3889 cestorum.
1195 3833 1240 3888 As·
1292 3844 1295 3897 l

246 3897 282 3950 sic
304 3902 426 3973 accipio,
449 3916 480 3954 nt
502 3922 558 3956 non
581 3920 723 3961 certorum
762 3910 857 3965 senuit
873 3914 1001 3990 exempla
1023 3915 1141 3971 laudum
1155 3917 1242 3971 brolli-
1292 3910 1295 3973 ἰ

245 3979 394 4036 bominum
415 3988 525 4064 egregia
545 3988 618 4042 dicta
639 3991 721 4045 sacta·
762 4013 806 4048 cue
841 3997 1006 4070 scriptarum
1039 4020 1058 4061 tt,
1088 4002 1240 4078 Chrysippo

244 4085 298 4138 quc
318 4064 484 4129 laudentur,
512 4091 612 4126 verum
630 4076 660 4127 in
675 4095 721 4153 ge·
759 4079 883 4141 medico,
908 4083 1055 4145 Dieuche‚
1075 4087 1239 4166 Pythagora·

240 4169 323 4212 nere.
342 4153 479 4226 quidquid
495 4155 598 4231 ubique
611 4158 717 4215 dictum
759 4163 874 4225 Catone,
897 4168 963 4225 teste
977 4168 1070 4225 Plinio
1083 4172 1124 4227 Η.
1138 4173 1176 4228 N.
1194 4186 1239 4231 ac,
1293 4192 1295 4213 ¹

252 3442 329 3503 dicit,
350 3442 445 3497 malim
462 3457 553 3496 tamen
569 3442 648 3498 insuti
664 3463 727 3500 ante

191 3551 192 3554 ¹
251 3524 385 3597 adjectiva
401 3527 467 3581 baec
476 3543 594 3601 utroque
610 3527 672 3582 loco
689 3534 726 3591 in.

249 3610 327 3682 quod
346 3609 478 3664 facillime
494 3610 635 3666 excidebat
651 3632 726 3668 nnnc

247 3693 393 3749 interduo
407 3698 449 3756 M,
467 3715 541 3750 nnnc
553 3696 612 3771 poll
627 3717 725 3754 unum.
