2750 4800
483 315 820 388 PRAEFATIO.
1076 342 1151 390 xxr

144 499 378 602 scriptorem
414 496 535 578 effert
577 503 823 604 quaerenda,
873 503 1147 584 ministrarem.

144 639 286 714 Fateor
306 660 489 735 magnam
514 635 621 738 poffe
652 639 811 742 concipi
839 639 1039 735 ejusmodi
1069 617 1165 719 stuss,
1304 667 1308 674 ·

145 769 354 848 dictorum
374 773 604 846 varietatem
624 790 665 848 et
688 773 871 866 disertius
890 773 1033 876 debere
1057 771 1148 853 fini·

142 907 199 993 ri,
231 905 383 1012 quibus
402 903 641 1006 potiffimum
660 908 814 984 labores
837 935 948 988 meos
970 908 1148 1012 suscepe-

139 1040 232 1116 rim·
290 1043 392 1114 Sunt
414 1039 589 1140 igiturii
612 1057 652 1118 et
675 1046 842 1138 juvenes
863 1043 987 1120 literis
1006 1044 1147 1134 dediti,
1283 1035 1285 1043 ’

139 1177 219 1274 qui
242 1174 409 1274 quidem
427 1175 474 1250 in
495 1177 687 1254 Romanis
709 1194 748 1253 et
769 1178 925 1254 Graecis
946 1173 1144 1278 scriptori-

135 1311 218 1388 bus
240 1311 489 1410 aliquantum
510 1315 589 1405 jam
608 1307 870 1412 profecerint,
899 1326 938 1386 et
956 1313 1037 1386 viri
1058 1337 1143 1386 non

134 1448 303 1548 proprie
339 1447 385 1520 in
421 1445 654 1546 antiquitate
690 1446 921 1548 explicanda
948 1447 1143 1546 occupati,

132 1582 212 1680 qui
233 1603 326 1657 cum
342 1580 560 1682 legendum
575 1578 740 1658 sumunt
762 1605 923 1682 gravem
941 1577 1145 1679 quendam
1276 1586 1279 1595 '

132 1731 180 1818 et
202 1716 422 1816 elegantem
447 1714 680 1818 scriptorem
701 1734 898 1805 veterem,
924 1715 1079 1803 multa„
1092 1710 1143 1788 ad

131 1847 272 1928 sensus
293 1856 378 1944 ejus
400 1850 694 1954 cognoscendos
717 1849 944 1939 nuenario,
978 1850 1024 1931 in
1047 1849 1143 1930 artie

129 1987 370 2064 tractatione
404 1985 652 2088 praesertim,
699 2011 722 2062 a
757 1971 1025 2064 recentiorum
1064 1979 1143 2062 usu

129 2135 334 2208 remotae,
373 2124 500 2222 qualis
534 2121 589 2198 est
625 2121 835 2200 rhetorum
869 2123 1141 2218 antiquorum,

124 2259 274 2363 ,minuq
288 2272 444 2356 promta
460 2273 500 2334 et
514 2259 559 2334 in
575 2273 785 2334 numerato
803 2257 974 2334 habeant
990 2247 1139 2330 ueceffe

125 2393 208 2482 est,
247 2393 343 2490 quia
366 2407 436 2470 aut
454 2390 547 2468 sunt
571 2391 710 2484 obliti,
743 2409 1043 2490 autvnunquam
1064 2413 1140 2489 pro

127 2525 364 2608 studiorum
397 2526 566 2606 suorum
597 2530 750 2606 ratione
786 2528 1009 2628 attigerunt
1081 2526 1139 2598 Ita

127 2659 348 2742 constituta
376 2680 417 2740 et
445 2662 637 2766 descripta
663 2663 881 2751 lectorum,
930 2683 1033 2762 quot
1063 2658 1139 2734 cir·

108 2795 442 2900 :cumspexerinu
480 2797 610 2890 claffo,
650 2823 737 2876 non
771 2796 961 2898 equidem
994 2814 1138 2870 vereor

124 2959 182 3012 ne
200 2932 369 3010 consrtio
386 2935 504 3011 nullo
517 2959 591 3010 nec
606 2927 761 3030 ratione
773 2928 958 3034 scripfiffe
972 2928 1136 3026 iudicer.

126 3065 257 3176 Quod
277 3070 388 3142 enim
408 3067 556 3146 morosi
580 3067 745 3167 quidam
762 3072 807 3144 in
823 3066 987 3170 [iugulis
1011 3066 1138 3142 anim·

125 3201 435 3282 adverstonibua
464 3205 729 3306 interpretum
757 3205 942 3292 haerent,
975 3201 1042 3276 cui
1063 3223 1137 3298 po·

127 3321 319 3416 tiffimum
342 3339 482 3416 lectori
499 3363 637 3416 earum
654 3363 836 3438 quaeque
861 3333 1046 3412 destinari
1063 3355 1136 3432 po·

128 3474 274 3563 tuerit,
306 3497 394 3548 eam
418 3475 658 3550 colmaniam
677 3473 802 3572 magia
822 3495 946 3569 quam
965 3467 1135 3568 diligen.

131 3611 229 3684 tiam
255 3605 463 3710 judicandi
482 3601 674 3682 existimo.
722 3607 887 3706 Neque
911 3599 1070 3692 recuso,
1105 3599 1133 3676 fi

131 3737 290 3832 summo
313 3750 403 3838 jore
425 3757 564 3845 agatur
584 3765 763 3832 mecum,
798 3737 980 3844 pluscula
1001 3763 1049 3816 ex
1074 3738 1135 3816 iis,

132 3897 239 3974 quae
263 3881 424 3970 monui,
463 3879 592 3954 aliena
614 3903 637 3952 a
662 3873 865 3981 propofito
892 3899 985 3954 meo
1015 3897 1136 3974 agno·

132 4005 264 4098 scere,
299 4013 397 4096 drun
424 4012 579 4096 summa
605 4009 760 4094 constet
781 4007 957 4092 confifio.
1027 4003 1136 4084 illud
