2596 4710
340 298 462 369 msa.
489 283 698 371 outrott
725 301 815 374 tta.
838 300 876 391 t,
911 323 943 375 2.
1085 318 1136 396 tt

131 486 375 575 remittebat,
405 503 445 561 et
467 484 587 564 dolor
611 489 765 564 victum
787 489 837 564 ad
858 488 1135 591 depellendam

131 605 396 705 ignominiam
419 605 645 679 concitabat
698 604 745 678 ld
764 606 882 681 nobis
896 606 1067 684 acriores
1083 608 1185 689 adas

130 717 260 795 studia
283 717 444 795 dicendi
468 716 570 793 faces
590 716 822 808 subdidisse,
852 744 974 820 quam
992 723 1134 799 exhor-

130 837 299 911 tationes
343 833 596 920 docentium‚
646 834 984 935 paedagogorum
1004 835 1136 913 custo·
1202 870 1211 907 t

130 948 261 1038 diam,
291 963 383 1025 vota
411 965 639 1049 parentum,
676 963 872 1049 quantum
901 953 1023 1025 animi
1051 954 1134 1027 mei

130 1071 360 1159 conjectura
401 1065 586 1164 colligere
624 1061 801 1166 possum,
846 1066 1132 1140 contenderim.

128 1179 208 1256 Sed
232 1177 331 1257 licut
362 1175 558 1256 firmiores
590 1181 635 1253 in
672 1180 799 1254 literis
830 1177 1032 1281 proiectus
1063 1182 1183 1267 alisna

129 1296 362 1383 aemulati03
411 1296 466 1369 ita
501 1294 804 1395 incipientibus,
845 1311 964 1395 atque
1000 1295 1134 1372 adhuc

128 1413 294 1498 teneris,
327 1408 692 1511 condiscipulorum
716 1435 837 1510 quant
867 1414 1137 1512 praeceptoria

127 1525 362 1622 lucamdior,
399 1524 478 1602 hoc
499 1523 585 1625 ipso
610 1522 722 1625 quod
744 1522 920 1614 facilior,
960 1528 1131 1606 imitatio

127 1638 194 1717 cst.
255 1643 330 1718 Vix
357 1642 467 1716 enim
493 1637 687 1744 septima
714 1641 907 1719 elementa
939 1640 990 1717 ad
1021 1640 1151 1743 spem,

168 1906 282 1961 adoret
298 1931 341 1947 -
357 1900 439 1978 faces
450 1899 608 1982 subdidiffe.
635 1888 753 1964 ‘lituum
780 1903 968 1976 provectiores
988 1905 1133 1982 'agnoscens

131 1988 210 2045 seces
235 1991 270 2042 fic
298 2007 351 2062 pro
374 1984 494 2062 stinulis
521 1987 611 2043 dictae
645 1968 693 2041 'tes
714 1984 819 2041 multos
841 1987 1058 2063 condiscipulos,
1080 1979 1133 2045 lios

131 2074 203 2147 lsqe
217 2073 289 2146 apud
309 2073 394 2144 hujus
408 2070 472 2126 sevi
494 2073 609 2146 scripto·
651 2072 747 2146 potius
769 2070 920 2126 imitandos
942 2072 993 2127 libi
1009 2074 1132 2137 sumunt.

131 2174 185 2217 res,
208 2176 270 2211 cum
288 2156 388 2211 Cicero
401 2153 511 2210 dolores
526 2170 554 2211 et
569 2156 611 2209 in·
651 2173 736 2228 quant
749 2153 941 2229 intimaeque
955 2156 1023 2211 adeo
1038 2176 1132 2212 aemu-

133 2241 207 2297 itta·
231 2241 288 2295 sere
306 2239 445 2319 intelligat
469 2240 556 2314 petits
576 2238 610 2296 sb
651 2238 746 2293 luitur
766 2238 970 2296 commilitones
990 2243 1065 2303 suot,
1087 2240 1151 2296 sed¹

133 2323 263 2380 incendiis
291 2325 421 2402 imagine.
466 2327 532 2381 Mos
554 2340 611 2379 tan·
650 2323 753 2397 assequi
772 2322 862 2378 solum
883 2340 1029 2380 conantur.
1080 2328 1133 2382 Ge·

135 2410 207 2487 gitur
229 2430 244 2463 a
266 2414 366 2465 Seneca
387 2408 421 2462 de
438 2413 481 2462 Ira
503 2424 538 2470 2.
561 2419 609 2480 ¹4·
651 2406 761 2483 doyuus
788 2411 1002 2482 comparationis
1026 2411 1133 2466 subtili·

136 2496 241 2567 „Equos
259 2526 301 2537 -
317 2491 436 2567 stimulis
448 2491 610 2568 *scribamque
650 2506 736 2547 tatem
747 2494 883 2547 vertendo
894 2493 1055 2550 obliteravit
1064 2495 1133 2550 dnm
1218 2482 1223 2491 ’

137 2608 191 2637 .-
202 2578 320 2653 subditis
336 2581 516 2638 excitamus‚‘·
537 2576 611 2645 (ubi
650 2575 710 2632 loci
737 2573 929 2632 difficultatem
966 2577 1134 2634 dissimulare

119 2651 221 2717 ’men
248 2678 345 2717 contra
374 2661 462 2718 Codd.
487 2677 611 2718 tentatur
650 2659 725 2716 vult.
748 2658 822 2716 lnstn
838 2662 933 2736 seipse
946 2661 1063 2717 illustrat
1078 2666 1132 2738 Qu.

140 2746 259 2807 ultibus.
282 2749 365 2800 ctiam
384 2747 477 2819 Liptio
495 2745 612 2820 proban·
651 2744 727 2800 Utile
742 2772 782 2790 -
797 2762 868 2817 quos
882 2747 1132 2819 imiteriprimnm‚

142 2834 181 2896 te)
203 2831 311 2905 qualem
339 2831 421 2884 etiam
445 2831 477 2883 iu
506 2830 610 2886 timidis
652 2828 738 2898 (dnm
768 2831 858 2884 teneri
879 2831 942 2891 sunt
970 2830 1133 2907 prosectus)

140 2912 329 2991 gladiatoribus
353 2914 513 2992 instigandis
536 2917 611 2969 usur·
653 2932 722 2967 mox
740 2921 826 2982 (cum
842 2915 1050 2990 maturuerint)
1071 2915 1135 2972 vin·

141 3014 228 3071 patum
254 3015 424 3059 memorant,
456 2997 506 3053 ubi
536 3004 612 3072 ignes
653 3016 713 3051 cere
730 2997 811 3054 velis.

143 3083 269 3153 qunem„
282 3099 311 3139 et
333 3084 473 3138 candentes
496 3082 611 3137 laudm
694 3086 781 3154 prima
805 3081 944 3139 elementa.
992 3083 1136 3143 Audaciot

141 3182 292 3232 sensatum
316 3167 394 3245 [aces
410 3165 538 3242 subditae
552 3185 611 3221 nou
653 3165 826 3240 metonymia
854 3167 884 3221 id
913 3168 990 3242 quod
1020 3169 1135 3225 discitur

144 3248 211 3305 item.
653 3249 777 3324 ponendi
801 3268 854 3326 pro
875 3250 1059 3316 discentibus,
1087 3273 1136 3310 ne-

174 3334 238 3410 fitut
247 3338 385 3411 firmiores
399 3364 442 3379 —
456 3336 507 3390 alit
522 3355 612 3388 acmu-
652 3352 708 3407 que
722 3334 871 3389 conficiunt
885 3353 944 3389 rem
958 3335 1083 3412 exempla
1099 3337 1134 3394 ab

144 3418 218 3483 latior
239 3424 277 3477 ita
295 3450 335 3463 —-
355 3424 450 3476 teneris
466 3449 507 3487 ··.
518 3422 611 3490 jucun·
653 3416 852 3493 interpretibus
868 3416 965 3483 allata,
985 3420 1065 3477 velut
1076 3421 1134 3496 sets

145 3502 197 3557 tior
215 3534 254 3548 -
284 3507 399 3560 imitatio
427 3501 476 3581 est.
527 3504 611 3558 Ratio
654 3506 751 3558 vitica
773 3499 899 3556 Sallustio
916 3503 988 3558 dicta
1003 3525 1056 3580 pro
1075 3505 1134 3581 fer·

143 3582 200 3641 hacc
227 3589 404 3665 comparandi
434 3607 492 3642 non
520 3586 610 3643 sittim
653 3591 701 3642 vir.
743 3585 795 3641 Sed
814 3585 879 3662 plus
894 3585 945 3642 fibi
959 3588 1067 3644 licitum
1084 3610 1136 3666 pu·

143 3686 265 3745 appareat.
318 3674 469 3728 firmiores
492 3673 566 3726 inter
588 3672 612 3727 ss
654 3685 749 3726 ternant
766 3671 851 3744 lntjut
864 3672 927 3725 sevi
944 3674 1136 3748 scriptores.et

84 3764 87 3775 '
145 3758 322 3819 aemulantur,
344 3758 407 3830 quis
424 3758 557 3831 proxime
573 3774 612 3810 sc·
655 3770 687 3812 ut
708 3754 793 3811 modo
806 3754 1089 3834 prosectssfimtiorrt
1106 3772 1136 3817 et

84 3792 89 3881 i
145 3839 209 3897 cedat
225 3844 257 3897 ad
279 3856 504 3917 praeceptorem,
527 3859 612 3914 quem
654 3844 808 3914 incipientes
829 3858 911 3916 atque
926 3842 1014 3898 adhuc
1032 3859 1136 3901 tranet

84 3976 86 3985 .
144 3922 190 3992 itm
205 3928 290 4003 ipsum
307 3928 413 3980 inritati
427 3926 545 4001 audent,
567 3943 613 3979 ue·
653 3926 763 3980 dixerat
791 3944 845 4000 pro
867 3927 930 4001 ipsis
959 3914 1070 4003 pueris.
1101 3932 1137 3984 lic

84 4034 88 4079 Ι·
145 4009 206 4065 mini
226 4010 382 4086 aequalium
403 4011 545 4072 cedentest
575 4025 613 4065 te·
652 4010 704 4064 illo
727 4009 809 4064 velut
833 4010 922 4091 gradu
946 4013 1067 4069 insistens
1083 4015 1136 4068 els-
1229 4070 1235 4075 ,

84 4102 87 4155 ι
145 4095 197 4151 teri
216 4113 326 4158 sutem,
346 4096 421 4155 turer
436 4096 461 4151 ss
477 4110 506 4153 ct
525 4096 613 4176 megi*
653 4111 744 4152 susm
768 4096 848 4152 astus
868 4093 906 4152 ssi
928 4113 981 4172 pro
994 4098 1136 4176 elementa-

84 4268 88 4323 l
