2596 4710
189 381 266 460 334
426 367 483 439 Μ.
509 369 609 441 FAB.
636 367 949 462 QUINTmANI

170 562 234 637 'in
249 557 382 634 verbis
399 552 501 632 sunt
558 560 722 631 Mutant
736 559 846 633 enim
861 555 1016 657 aliquid
1032 573 1194 652 erecto,

189 693 310 775 atque
334 674 436 746 hane
462 697 555 771 prae
577 669 616 745 le
641 674 831 747 virtutem
855 671 1008 760 lerunt,
1038 675 1193 773 quoda

137 787 478 891 ,neoonluetudine
500 787 657 886 vulgari
687 784 931 863 recellerunt.
990 791 1118 864 Habet
1147 792 1194 867 in

188 899 542 1012 pictura‘lpeciem
570 917 650 976 tota
677 899 818 978 facies:
875 906 1031 1003 Apelles
1059 922 1194 982 tamen

187 1019 405 1119 imaginem
420 1019 611 1114 Antigoni
624 1019 742 1095 latere
756 1033 910 1099 tantum
926 1020 1049 1097 altero
1064 1018 1194 1095 osten.

90 1212 94 1223 ,
188 1134 269 1223 dit,
297 1149 345 1208 ut
361 1130 479 1205 amiffi
497 1132 605 1206 oculi
623 1129 850 1209 deformitas
868 1135 1015 1209 lateret.
1056 1134 1192 1241 Quid?

187 1277 275 1327 non
292 1251 336 1322 in
354 1248 532 1323 oratione
551 1247 765 1344 operienda
781 1247 872 1323 sunt
886 1248 1091 1347 quaedam,
1116 1247 1193 1324 sive

190 1362 345 1441 ostendi
365 1387 450 1436 non
473 1360 635 1448 debent,
666 1360 744 1435 five
769 1366 938 1464 exprimi
962 1389 1037 1462 pro
1061 1365 1192 1464 digni·

143 1495 267 1562 notate
282 1504 366 1552 non
379 1471 564 1576 poliunt?
592 1492 640 1552 ut
655 1476 750 1551 fecit
766 1479 1008 1568 Timanthes,
1026 1483 1191 1580 opinor,

254 1690 332 1751 Mat.
346 1691 422 1747 enim.
465 1690 560 1746 Turie.
577 1704 605 1745 et
618 1690 711 1749 Guelf.
727 1694 807 1750 Mnt.
822 1697 911 1750 etium.
932 1697 1008 1750 etsie
1022 1712 1121 1752 omnen
1135 1695 1192 1753 lm

188 1779 279 1838 Codd.
301 1793 329 1834 et
351 1776 412 1831 edd.
437 1791 507 1829 vett.
535 1791 643 1850 praeter
665 1776 729 1832 Ald.
752 1779 802 1852 qui
831 1780 913 1834 habet
943 1794 1082 1854 receptent
1107 1779 1191 1836 solem

186 1865 251 1921 loco
275 1861 502 1925 convenientum
533 1878 598 1913 ιιιιιι
625 1865 707 1917 etiam
735 1863 926 1938 interpretari:
956 1881 984 1919 et
1008 1862 1101 1939 ipsae,
1120 1863 1192 1943 ficut

180 1944 279 2023 flexus
298 1950 359 2006 ilie.
387 1943 509 1999 tlienum
532 1944 614 1998 eredo
640 1965 656 1998 ι
679 1944 816 2001 latinitate
843 1948 874 2001 in
901 1948 956 2002 hoe
984 1948 1063 2003 voci·
1091 1952 1191 2024 pofitu.

187 2033 276 2091 (ioth.
297 2046 401 2090 antem.
422 2024 506 2103 paulo
527 2028 635 2083 melini.
678 2031 731 2084 Sed
752 2036 833 2086 eriam
849 2035 960 2087 etenim
975 2031 1006 2087 in
1023 2030 1114 2088 Codd.
1129 2052 1192 2088 eon·

186 2117 271 2175 fundl
287 2114 374 2171 iolent'
387 2114 446 2167 vid.
457 2112 596 2167 Drakenb.
607 2113 641 2165 ad
657 2116 722 2168 Liv.
741 2114 788 2182 36,
806 2126 856 2188 41,
873 2130 901 2184 3.
921 2117 954 2171 it.
969 2114 1037 2172 nost.
1057 2137 1081 2178 t,
1096 2130 1125 2185 5,
1140 2128 1191 2186 57.

252 2196 356 2275 opinor.
399 2201 440 2250 lta
455 2194 547 2252 Gueli.
558 2211 584 2251 et
598 2198 693 2252 Turio.
710 2218 774 2252 cum
788 2199 885 2254 multis
900 2200 988 2258 codd.
1010 2198 1100 2263 Edd„
1118 2217 1149 2256 ut
1162 2216 1193 2257 et

187 2287 286 2346 Gelu„
307 2284 365 2337 lere
380 2280 447 2334 deut
461 2298 491 2335 ιιι
506 2301 552 2354 op.
595 2281 648 2336 Sed
669 2282 752 2362 longe
771 2283 924 2362 elegantiae
944 2284 1031 2346 abeli.
1051 2304 1088 2340 ne
1104 2286 1194 2342 iniun-

185 2370 262 2425 viter
276 2367 443 2446 geminetur.

226 2520 366 2594 Antigoni.
398 2517 457 2573 vid.
480 2517 551 2574 Plin.
573 2522 611 2575 Η.
629 2516 667 2576 N.
710 2519 857 2576 observant
879 2516 914 2575 ed
944 2517 1038 2603 Iphig.
1065 2522 1098 2579 iu
1120 2523 1189 2583 Ant.

143 2622 146 2635 ¹
187 2612 238 2674 35,
255 2604 303 2673 36,
324 2613 369 2674 14.
386 2623 413 2676 p.
433 2613 502 2677 298.
524 2605 558 2658 cf.
578 2605 666 2676 ejusd.
713 2618 801 2671 1550.

185 2698 238 2758 55,
254 2699 302 2760 34.
319 2701 347 2762 p.
364 2702 432 2760 289.
450 2708 520 2760 quae
533 2690 590 2742 duo
608 2687 667 2742 loca
750 2693 852 2761 opinor.
890 2688 1052 2752 Dubitatio.
1064 2709 1135 2766 quie
1146 2693 1190 2748 in.

182 2768 260 2831 inter
276 2771 443 2827 [evidentur
457 2789 666 2850 pugnare,eum
707 2773 744 2827 eli
768 2771 872 2832 verbo,
901 2790 959 2827 non
981 2776 1068 2849 potest
1089 2778 1190 2834 referri

91 2922 97 2933 Ι
183 2872 213 2912 et
227 2857 363 2912 Cleonaeo
381 2862 427 2930 (p.
441 2860 563 2929 289)et
573 2856 666 2931 Apelli
706 2874 749 2918 eo,
770 2859 845 2929 quast
864 2857 1037 2935 ignoretrerit
1061 2863 1114 2934 Qu.
1133 2861 1189 2916 Ιιοο

181 2944 280 3016 (298)
297 2940 427 2998 videatur
443 2941 530 2994 tribui
545 2955 665 3019 catagrn·
705 2941 852 2995 artificium
873 2942 919 2994 oui
937 2942 1041 3016 pictori
1056 2942 1121 2999 eiiet
1137 2944 1190 3000 tri·

180 3024 306 3101 phorum
335 3025 470 3079 inventio.
523 3025 555 3077 Id
587 3024 663 3097 quod
705 3024 863 3084 humidum,
885 3027 915 3077 iu
930 3045 959 3079 te
973 3026 1057 3082 ulmis
1070 3028 1188 3085 celebre·

178 3111 325 3184 posteriori
350 3108 410 3163 loeo
434 3108 537 3187 legitur
562 3113 663 3182 primus
705 3120 746 3170 ιι,
770 3123 802 3162 ut
826 3108 967 3170 vidimus.
987 3111 1062 3185 apud
1083 3116 1188 3168 Rome·

179 3195 253 3265 (nili
276 3194 392 3267 abjicere
415 3193 488 3247 forte
512 3191 608 3253 mulie,
631 3208 663 3246 nt
703 3210 754 3247 noe
780 3192 868 3266 iplost
890 3213 981 3267 neque
1001 3209 1060 3248 erat
1080 3195 1128 3251 ltie
1143 3194 1188 3252 lo·

178 3294 277 3332 ιιιιιιιιι
295 3299 329 3332 ex
344 3280 590 3351 interpretamento
614 3274 663 3330 τοῦ
703 3295 750 3330 cus
772 3276 936 3332 simulandae
960 3279 1058 3333 lurum
1073 3278 1186 3337 delicia·

179 3367 351 3436 excogitata)
365 3363 540 3433 interpreter,
559 3375 590 3413 ut
603 3362 661 3434 pri·
702 3380 765 3415 runt
780 3362 951 3433 imperitiae,
973 3382 1043 3436 quae
1057 3365 1095 3419 est
1108 3367 1185 3422 cice-

108 3502 112 3509 ,
177 3461 243 3500 mus
272 3445 382 3521 Apellen
408 3445 549 3498 invenerit
577 3445 661 3498 ratio·
701 3444 778 3498 tonis
799 3444 933 3500 calliditas
952 3448 984 3499 in
998 3450 1183 3507 Vettinnntm

176 3534 314 3585 nemvirr'i
328 3530 468 3588 condendi,
483 3529 589 3602 primm
607 3529 660 3583 hoe
700 3526 774 3584 libro
804 3545 903 3600 quarto
934 3530 1006 3604 (qui
1035 3532 1091 3589 hoe
1121 3534 1182 3607 ipso

177 3611 309 3669 Cleonaei
334 3614 452 3666 invento
474 3614 537 3666 usne
560 3612 594 3665 ud
617 3613 660 3665 vi·
700 3617 797 3686 opinor
813 3613 920 3676 utitur,
941 3630 972 3669 ut
986 3634 1010 3668 e.
1024 3631 1068 3679 2..
1089 3637 1124 3672 ne
1138 3617 1182 3671 ri.

176 3697 250 3750 tium
279 3696 432 3753 celandum.
474 3696 527 3750 Sed
553 3696 658 3751 durum
699 3696 797 3750 dentur
827 3698 911 3751 nimie
940 3718 1059 3775 operum
1080 3699 1181 3755 intelli·

123 3804 146 3827 ι·
174 3779 239 3834 hoc.
698 3785 796 3858 gens);
814 3797 883 3854 puto
900 3784 1005 3861 igitur,
1030 3804 1094 3840 cnm
1109 3788 1180 3840 Bur·

223 3865 386 3923 Timanthes.
406 3863 467 3919 vid.
477 3864 547 3919 Ptin.
563 3868 601 3919 H.
616 3867 653 3921 N.
697 3882 808 3925 manno.
819 3866 852 3919 de
866 3871 954 3940 petria
963 3869 1129 3929 Timantbit.
1142 3882 1178 3923 ιιι

174 3948 305 4026 35ιιδό.
321 3948 349 4005 6.
366 3969 393 4023 p.
413 3958 481 4021 294.
505 3951 563 4005 Cic.
573 3951 653 4005 Orat.
696 3966 763 4003 vere
780 3949 921 4021 Cythnius
939 3953 953 4022 (
962 3954 1050 4008 inluln
1063 3954 1101 4008 est
1119 3972 1177 4007 tun·

125 4060 138 4084 r
171 4051 196 4085 e.
213 4047 262 4086 ιι.
285 4028 346 4090 val.
363 4037 439 4087 linx.
450 4043 479 4100 8.
496 4053 529 4086 ιι
545 4049 653 4088 extem.
695 4033 736 4087 rie
753 4036 855 4112 Aegaei
878 4055 965 4110 prope
986 4037 1131 4125 Seriphum
1146 4052 1176 4091 et

170 4115 199 4171 6.
243 4116 298 4172 Set
318 4118 408 4191 ipsum
432 4117 596 4191 Euripidem
612 4120 653 4191 pi·
695 4120 772 4173 Ceon
786 4119 870 4175 hodie
887 4121 1021 4176 Itouna.
1040 4122 1101 4177 vid.
1115 4120 1176 4177 vit-

168 4202 241 4261 etori
274 4203 352 4260 viem
385 4201 543 4257 montione
577 4217 652 4259 recte
692 4201 751 4259 lois.
769 4201 1174 4282 Proll.110m.p.'54>ellet.
