2596 4710
201 343 275 421 374
446 329 505 419 n.
529 329 630 400 mn
657 325 971 424 coturnum

288 520 403 595 XVII.
432 520 542 594 Finis
562 519 755 605 nouerit,
785 514 1019 617 stexpotiari
1034 532 1147 616 parte
1162 518 1209 592 in

203 637 296 723 hac,
325 651 365 708 et
385 635 595 734 indulgere
608 636 808 733 voluptati
827 634 960 727 velim
1019 631 1209 707 Transea-

206 776 297 825 mus
318 751 442 848 igitur
463 750 512 823 ad
532 774 619 825 eam
640 746 930 848 quaestionem,
960 748 1211 846 quaesequi-

182 854 295 954 2tu1·,
319 891 369 937 an
389 864 574 939 rhetorice
588 891 654 939 ars
690 880 728 937 it.
789 864 911 969 Quod
926 863 1092 962 quidem
1109 863 1210 940 adeo

121 1040 126 1057 ,.
206 1007 256 1054 ex
286 982 355 1067 iis,
395 983 468 1078 qui
502 996 708 1079 praecepta
742 977 905 1053 dicendi
940 978 1212 1066 tradiderunt,

207 1120 328 1189 nemo
342 1094 559 1184 dubitavit,
586 1111 634 1169 ut
648 1097 767 1169 etiam
785 1090 876 1194 ipsis
895 1094 1093 1168 librorum
1113 1097 1212 1169 titu-

208 1211 259 1285 lis
269 1207 455 1284 testatum
468 1208 533 1299 s1t,
559 1207 726 1309 scriptos
740 1234 807 1284 eos
823 1211 871 1282 de
895 1225 981 1283 arte
1001 1207 1214 1283 rhetorica:

210 1327 352 1401 Cicero
366 1350 463 1400 vero
479 1327 608 1413 etiam,
626 1352 726 1424 quae
742 1323 926 1399 rhetorice
941 1339 1120 1412 vocetur,
1138 1320 1213 1398 esse

210 1434 462 1548 artificiosum
499 1440 753 1538 eloquentiam
789 1439 901 1513 dicat
970 1437 1091 1542 Quod
1125 1465 1213 1513 non

211 1570 385 1629 oratores
411 1571 566 1628 tantum
590 1556 862 1643 vindicarunt,
896 1572 944 1629 ut
975 1552 1116 1628 studiis
1142 1555 1214 1627 ali-

166 1688 173 1703 *
211 1668 313 1767 quid
335 1667 416 1743 suis
435 1667 660 1768 praestitisse
683 1672 915 1745 videantur:
944 1668 1012 1742 sed
1032 1694 1127 1743 cum
1148 1670 1214 1745 his

211 1782 464 1882 Philosophi,
492 1801 531 1858 et
551 1788 674 1860 Stoici
696 1801 735 1858 et
755 1786 1001 1883 Peripatetici
1021 1784 1215 1883 plerique,

187 1895 475 1974 tconsentiunt
534 1902 676 1976 Acme
700 1898 889 1974 dubitasse
914 1896 1126 1987 confiteor,
1164 1925 1215 1975 an

126 2100 129 2109 '
196 2096 199 2101 ’
273 2098 466 2154 vindicarunt.
495 2096 588 2153 Gucll.
600 2098 764 2167 inclitarum.
807 2094 895 2153 Goth.
911 2098 1021 2156 etJenl.
1039 2098 1216 2167 (tacGeln.)

209 2180 405 2251 judicaverunt.
436 2202 499 2236 cnm
528 2196 572 2236 tot
598 2183 659 2236 edd.
681 2180 938 2255 quammoaliqnot
967 2197 995 2235 et
1023 2182 1216 2236 indicaverunt.

213 2268 334 2339 Recepta
356 2266 411 2320 sola
432 2285 513 2326 vera,
539 2268 559 2327 ti
583 2286 618 2319 ue
640 2267 715 2319 ullus
737 2264 850 2338 quidem
874 2265 982 2319 addicat
1006 2265 1074 2320 eod.
1126 2270 1217 2339 Quam

213 2349 344 2421 sreqnent
364 2347 416 2403 «ὃν
438 2351 534 2404 vindic.
556 2363 584 2402 et
606 2351 690 2418 judic.
715 2350 852 2410 consulto,
883 2365 918 2402 et>
933 2368 977 2403 ret
1000 2351 1056 2425 ipsit
1083 2348 1166 2404 docet
1190 2364 1219 2404 et

212 2431 342 2505 exempla
365 2433 511 2486 ostendunt
533 2432 607 2506 npntl
631 2432 772 2489 Drakenb.
797 2434 863 2489 Liv.
887 2448 942 2507 39,
963 2444 1019 2506 47,
1043 2449 1072 2488 2.
1124 2436 1219 2489 Tuen·

213 2529 261 2570 tur
283 2517 437 2571 vindicandi
453 2516 621 2570 vocabulum
640 2519 715 2575 Vols.
733 2538 758 2570 t.
776 2531 805 2584 5.
827 2517 956 2589 (delitent
978 2519 1135 2585 vindicant)
1154 2538 1219 2573 cum

212 2598 290 2661 eliis,
311 2601 362 2672 qni
384 2601 503 2654 silentur.
547 2600 622 2658 Vols.
648 2617 663 2654 2
687 2603 752 2655 lacit
773 2620 837 2655 cum
858 2604 906 2656 sno
929 2602 1014 2657 Goth.
1065 2604 1149 2657 Possit
1171 2602 1219 2657 ati-

213 2685 277 2757 quis
297 2701 458 2759 praeoptare
479 2686 616 2738 rationem
638 2686 715 2744 Voss.
738 2706 762 2737 ι.
787 2701 833 2752 5.,
858 2687 982 2759 praesens
1004 2686 1217 2748 ostendentium.

213 2768 250 2824 ob
274 2770 303 2822 id
324 2770 399 2841 qnod
423 2770 563 2842 seqnitnrz
592 2770 733 2823 vicinantur
755 2784 783 2822 ct
804 2768 981 2843 consentiunt.
1023 2771 1075 2824 Sed
1098 2791 1157 2825 non
1182 2771 1219 2826 est

212 2853 356 2907 consilinm
381 2873 471 2926 neque
493 2856 606 2906 ellectns
629 2855 795 2911 vindicandi,
825 2873 925 2908 verum
949 2869 981 2907 tn
1008 2855 1047 2907 ita
1073 2855 1217 2934 intellige:

211 2938 260 2999 „Si
277 2937 326 2995 soli
342 2952 465 2991 oratores
481 2938 535 2991 hoc
550 2937 747 2998 vindicassent,
765 2940 871 3011 pollent
888 2938 981 2991 vitleri
996 2940 1049 2992 snit
1064 2940 1159 2993 studiis
1176 2941 1219 2993 in·

211 3021 337 3083 „dullilse
351 3023 440 3095 iisqne
455 3022 591 3076 honorem
608 3023 762 3094 quaesisset·
793 3024 867 3077 Cave
880 3021 939 3096 suis
946 3021 1045 3096 studiis
1061 3021 1220 3078 ablativum

212 3107 336 3179 accipias.
360 3105 499 3180 Praestare
517 3108 597 3160 alicui
611 3107 712 3181 aliquid
728 3106 764 3160 est
777 3107 936 3180 gratificari.
978 3107 1023 3161 stc
1037 3105 1218 3186 Plinl’aneg.

212 3200 269 3261 48,
294 3206 321 3242 2.
366 3195 441 3244 Suet.
457 3192 515 3245 Tit.
537 3199 595 3257 αδ
619 3192 685 3244 nihil
707 3195 828 3266 cuiqnam
847 3188 1014 3267 praestitiffo.
1059 3193 1219 3246 Perfectum

213 3289 305 3326 nutem
320 3279 458 3348 praesente
474 3273 574 3328 melius
590 3273 617 3326 h.
634 3274 652 3327 l.
669 3274 735 3347 qnia
752 3291 871 3329 oratores
884 3275 926 3327 isti
940 3274 1139 3353 intelliguntur
1154 3276 1221 3331 talin

214 3359 336 3410 sermone
358 3358 488 3412 funiliari
502 3356 667 3418 defendisse,
688 3375 862 3411 cumeorum
878 3359 912 3410 de
927 3375 985 3412 arte
1000 3378 1056 3412 non
1070 3359 1158 3414 multi
1174 3380 1221 3423 ex·

212 3455 272 3494 tent
289 3441 371 3504 libri;
392 3440 551 3516 Philosophi
569 3458 661 3495 nutem
683 3442 714 3495 in
736 3442 844 3516 scriptis
858 3440 1049 3516 consentientes
1063 3446 1220 3499 etiamnum

211 3522 354 3604 leguntur.
398 3529 538 3581 Praesente
561 3527 735 3593 (vindicant)
751 3527 814 3580 usus
830 3524 895 3581 e'ss'et
909 3527 1033 3589 sortasse,
1056 3531 1076 3581 li
1091 3547 1145 3603 pro
1159 3549 1221 3584 ora·

213 3611 314 3663 toribus
330 3610 469 3683 scripsisset
482 3612 607 3664 rhetores·
773 3612 821 3663 Ac.
859 3615 901 3663 ltn
916 3610 1026 3672 Gnell.,
1048 3628 1082 3666 ut
1094 3613 1223 3667 correxit

211 3695 327 3769 Regius.
371 3693 460 3749 Goth.
482 3710 510 3750 et
531 3694 602 3755 Jcns.
626 3691 697 3763 (tac.
714 3695 809 3767 Gesn.)
831 3695 870 3749 At
891 3714 955 3748 cnm
969 3697 1045 3757 Vols.
1059 3712 1088 3750 2.
1112 3711 1142 3752 et
1155 3695 1219 3753 edit.

211 3778 296 3831 Tarv.
311 3792 338 3830 et
352 3779 424 3837 Ven.
775 3794 777 3803 ·

253 3929 354 3987 Cicero.
397 3927 540 3997 ,‚(Civilit
562 3929 693 3998 rationis)
776 3931 952 3986 vindicarunt.
974 3928 1034 3985 vit.
1051 3944 1110 3984 not.
1123 3929 1196 3986 Crit.

210 4024 291 4085 „part
312 4012 348 4065 est
368 4012 517 4088 artificiosa
530 4015 692 4088 eloquentia.
774 4013 906 4091 dubitoffc
920 4044 962 4057 -
979 4036 1025 4068 an.
1067 4014 1220 4069 Recedita

211 4114 314 4169 „qnam
330 4095 498 4151 rhetoricam
507 4111 636 4154 vocant.“
657 4099 693 4154 de
732 4098 954 4172 frequentissimo
976 4099 1029 4152 usu
1048 4094 1099 4152 rit
1111 4099 1221 4153 dubita-

227 4191 363 4248 umift·
471 4222 474 4227 ,
732 4203 883 4244 ru-att.
924 4180 1221 4263 Vagitenimhl.
