<?xml version="1.0" encoding="UTF-8"?>
<!DOCTYPE html PUBLIC "-//W3C//DTD XHTML 1.0 Transitional//EN"
    "http://www.w3.org/TR/xhtml1/DTD/xhtml1-transitional.dtd">
<html xmlns="http://www.w3.org/1999/xhtml" xml:lang="en" lang="en">
 <head>
  <title>
</title>
<meta http-equiv="Content-Type" content="text/html;charset=utf-8" />
  <meta name='ocr-system' content='tesseract 3.04.00' />
  <meta name='ocr-capabilities' content='ocr_page ocr_carea ocr_par ocr_line ocrx_word'/>
</head>
<body>
  <div class='ocr_page' id='page_1' title='image "./deinstitutioneo07quingoog_0053.png"; bbox 0 0 2596 4710; ppageno 0'>
   <div class='ocr_carea' id='block_1_1' title="bbox 47 226 803 358">
    <p class='ocr_par' dir='ltr' id='par_1_1' title="bbox 47 226 803 358">
     <span class='ocr_line' id='line_1_1' title="bbox 47 226 803 358; baseline 0.001 -8"><span class='ocrx_word' id='word_1_1' title='bbox 47 226 49 237; x_wconf 41' lang='lat'><strong>¹</strong></span> <span class='ocrx_word' id='word_1_2' title='bbox 134 304 204 352; x_wconf 73' lang='lat' dir='ltr'>m</span> <span class='ocrx_word' id='word_1_3' title='bbox 458 236 803 358; x_wconf 60' lang='lat' dir='ltr'>inanimo</span> 
     </span>
    </p>
   </div>
   <div class='ocr_carea' id='block_1_2' title="bbox 50 442 1143 4085">
    <p class='ocr_par' dir='ltr' id='par_1_2' title="bbox 136 442 1143 1920">
     <span class='ocr_line' id='line_1_2' title="bbox 221 442 1140 573; baseline -0.002 -24"><span class='ocrx_word' id='word_1_4' title='bbox 221 476 280 549; x_wconf 85' lang='lat' dir='ltr'>Ex</span> <span class='ocrx_word' id='word_1_5' title='bbox 305 468 452 573; x_wconf 86' lang='lat' dir='ltr'>infigni</span> <span class='ocrx_word' id='word_1_6' title='bbox 475 472 722 563; x_wconf 75' lang='lat' dir='ltr'><strong>editionum,</strong></span> <span class='ocrx_word' id='word_1_7' title='bbox 766 494 870 573; x_wconf 81' lang='lat' dir='ltr'>quae</span> <span class='ocrx_word' id='word_1_8' title='bbox 897 466 1021 547; x_wconf 83' lang='lat' dir='ltr'>factae</span> <span class='ocrx_word' id='word_1_9' title='bbox 1043 442 1140 549; x_wconf 70' lang='lat' dir='ltr'>lunt</span> 
     </span>
     <span class='ocr_line' id='line_1_3' title="bbox 136 586 1141 708; baseline 0.002 -27"><span class='ocrx_word' id='word_1_10' title='bbox 136 586 336 708; x_wconf 82' lang='lat' dir='ltr'>scriptoris</span> <span class='ocrx_word' id='word_1_11' title='bbox 361 610 461 697; x_wconf 88' lang='lat' dir='ltr'>mei,</span> <span class='ocrx_word' id='word_1_12' title='bbox 488 606 750 687; x_wconf 90' lang='lat' dir='ltr'>multitudine</span> <span class='ocrx_word' id='word_1_13' title='bbox 773 634 859 685; x_wconf 92' lang='lat' dir='ltr'>non</span> <span class='ocrx_word' id='word_1_14' title='bbox 881 622 1141 684; x_wconf 87' lang='lat' dir='ltr'>contemnen-</span> 
     </span>
     <span class='ocr_line' id='line_1_4' title="bbox 138 740 1141 844; baseline 0 -28"><span class='ocrx_word' id='word_1_15' title='bbox 138 740 235 817; x_wconf 91' lang='lat' dir='ltr'>dum</span> <span class='ocrx_word' id='word_1_16' title='bbox 275 744 443 819; x_wconf 79' lang='lat' dir='ltr'><strong>adhibui</strong></span> <span class='ocrx_word' id='word_1_17' title='bbox 480 766 696 819; x_wconf 86' lang='lat' dir='ltr'>numerum</span> <span class='ocrx_word' id='word_1_18' title='bbox 732 766 865 841; x_wconf 85' lang='lat' dir='ltr'>neque</span> <span class='ocrx_word' id='word_1_19' title='bbox 897 741 1141 844; x_wconf 85' lang='lat' dir='ltr'>poenitenda</span> 
     </span>
     <span class='ocr_line' id='line_1_5' title="bbox 138 863 1140 978; baseline 0.002 -27"><span class='ocrx_word' id='word_1_20' title='bbox 138 863 325 978; x_wconf 60' lang='lat' dir='ltr'>exempla</span> <span class='ocrx_word' id='word_1_21' title='bbox 384 880 568 978; x_wconf 87' lang='lat' dir='ltr'>Principe</span> <span class='ocrx_word' id='word_1_22' title='bbox 578 878 745 978; x_wconf 86' lang='lat' dir='ltr'>quidem</span> <span class='ocrx_word' id='word_1_23' title='bbox 760 878 936 954; x_wconf 84' lang='lat' dir='ltr'>editione</span> <span class='ocrx_word' id='word_1_24' title='bbox 951 875 1140 977; x_wconf 83' lang='lat' dir='ltr'>(quaeest</span> 
     </span>
     <span class='ocr_line' id='line_1_6' title="bbox 136 994 1141 1113; baseline -0.003 -24"><span class='ocrx_word' id='word_1_25' title='bbox 136 994 341 1113; x_wconf 81' lang='lat' dir='ltr'>Campani,</span> <span class='ocrx_word' id='word_1_26' title='bbox 368 1030 501 1090; x_wconf 87' lang='lat' dir='ltr'>curata</span> <span class='ocrx_word' id='word_1_27' title='bbox 513 1018 676 1101; x_wconf 87' lang='lat' dir='ltr'>Romae,</span> <span class='ocrx_word' id='word_1_28' title='bbox 703 1036 808 1089; x_wconf 87' lang='lat' dir='ltr'>anno</span> <span class='ocrx_word' id='word_1_29' title='bbox 825 1014 1141 1111; x_wconf 86' lang='lat' dir='ltr'>MCCCCLXX)</span> 
     </span>
     <span class='ocr_line' id='line_1_7' title="bbox 137 1142 1142 1247; baseline -0.002 -24"><span class='ocrx_word' id='word_1_30' title='bbox 137 1150 284 1247; x_wconf 83' lang='lat' dir='ltr'>pariter</span> <span class='ocrx_word' id='word_1_31' title='bbox 317 1176 361 1224; x_wconf 90' lang='lat' dir='ltr'>ac</span> <span class='ocrx_word' id='word_1_32' title='bbox 387 1146 559 1225; x_wconf 83' lang='lat' dir='ltr'>secunda</span> <span class='ocrx_word' id='word_1_33' title='bbox 583 1143 809 1235; x_wconf 85' lang='lat' dir='ltr'>Andreana,</span> <span class='ocrx_word' id='word_1_34' title='bbox 850 1142 1046 1247; x_wconf 80' lang='lat' dir='ltr'>progrella</span> <span class='ocrx_word' id='word_1_35' title='bbox 1071 1148 1142 1223; x_wconf 85' lang='lat' dir='ltr'>illa</span> 
     </span>
     <span class='ocr_line' id='line_1_8' title="bbox 139 1268 1140 1370; baseline 0.002 -15"><span class='ocrx_word' id='word_1_36' title='bbox 139 1280 282 1358; x_wconf 88' lang='lat' dir='ltr'>eodem</span> <span class='ocrx_word' id='word_1_37' title='bbox 308 1307 425 1370; x_wconf 83' lang='lat' dir='ltr'>anno,</span> <span class='ocrx_word' id='word_1_38' title='bbox 464 1285 562 1356; x_wconf 88' lang='lat' dir='ltr'>item</span> <span class='ocrx_word' id='word_1_39' title='bbox 587 1268 756 1369; x_wconf 79' lang='lat' dir='ltr'>Romae&#39;,</span> <span class='ocrx_word' id='word_1_40' title='bbox 791 1304 840 1355; x_wconf 86' lang='lat' dir='ltr'>ex</span> <span class='ocrx_word' id='word_1_41' title='bbox 866 1278 1022 1357; x_wconf 85' lang='lat' dir='ltr'>officina</span> <span class='ocrx_word' id='word_1_42' title='bbox 1043 1284 1140 1357; x_wconf 86' lang='lat' dir='ltr'>Ger-</span> 
     </span>
     <span class='ocr_line' id='line_1_9' title="bbox 139 1416 1140 1505; baseline 0.001 -15"><span class='ocrx_word' id='word_1_43' title='bbox 139 1422 532 1493; x_wconf 88' lang='lat' dir='ltr'>manorumPannarz</span> <span class='ocrx_word' id='word_1_44' title='bbox 544 1432 582 1490; x_wconf 90' lang='lat' dir='ltr'>et</span> <span class='ocrx_word' id='word_1_45' title='bbox 594 1416 850 1505; x_wconf 86' lang='lat' dir='ltr'>Sweinheim,</span> <span class='ocrx_word' id='word_1_46' title='bbox 865 1417 986 1490; x_wconf 85' lang='lat' dir='ltr'>carui.</span> <span class='ocrx_word' id='word_1_47' title='bbox 1023 1418 1140 1495; x_wconf 84' lang='lat' dir='ltr'>cam-</span> 
     </span>
     <span class='ocr_line' id='line_1_10' title="bbox 140 1549 1140 1653; baseline 0.004 -30"><span class='ocrx_word' id='word_1_48' title='bbox 140 1553 349 1650; x_wconf 86' lang='lat' dir='ltr'>panianam</span> <span class='ocrx_word' id='word_1_49' title='bbox 375 1577 469 1627; x_wconf 88' lang='lat' dir='ltr'>cum</span> <span class='ocrx_word' id='word_1_50' title='bbox 496 1552 844 1653; x_wconf 82' lang='lat' dir='ltr'>Capperonnerius</span> <span class='ocrx_word' id='word_1_51' title='bbox 875 1549 1028 1627; x_wconf 78' lang='lat' dir='ltr'>Pariliis</span> <span class='ocrx_word' id='word_1_52' title='bbox 1053 1578 1140 1629; x_wconf 92' lang='lat' dir='ltr'>non</span> 
     </span>
     <span class='ocr_line' id='line_1_11' title="bbox 139 1685 1143 1785; baseline 0.003 -27"><span class='ocrx_word' id='word_1_53' title='bbox 139 1685 360 1775; x_wconf 88' lang='lat' dir='ltr'>inveniret,</span> <span class='ocrx_word' id='word_1_54' title='bbox 385 1689 697 1763; x_wconf 82' lang='lat' dir='ltr'>communicavit</span> <span class='ocrx_word' id='word_1_55' title='bbox 717 1712 811 1761; x_wconf 89' lang='lat' dir='ltr'>cum</span> <span class='ocrx_word' id='word_1_56' title='bbox 834 1710 882 1761; x_wconf 93' lang='lat' dir='ltr'>eo</span> <span class='ocrx_word' id='word_1_57' title='bbox 907 1685 1062 1785; x_wconf 82' lang='lat' dir='ltr'>aliquot</span> <span class='ocrx_word' id='word_1_58' title='bbox 1081 1688 1143 1762; x_wconf 90' lang='lat' dir='ltr'>lo·</span> 
     </span>
     <span class='ocr_line' id='line_1_12' title="bbox 143 1822 1142 1920; baseline 0.003 -27"><span class='ocrx_word' id='word_1_59' title='bbox 143 1842 285 1895; x_wconf 88' lang='lat' dir='ltr'>corum</span> <span class='ocrx_word' id='word_1_60' title='bbox 309 1826 394 1915; x_wconf 85' lang='lat' dir='ltr'>ejus</span> <span class='ocrx_word' id='word_1_61' title='bbox 417 1822 671 1897; x_wconf 86' lang='lat' dir='ltr'>collationem</span> <span class='ocrx_word' id='word_1_62' title='bbox 700 1822 912 1910; x_wconf 87' lang='lat' dir='ltr'>Metarius‚</span> <span class='ocrx_word' id='word_1_63' title='bbox 945 1822 1017 1920; x_wconf 86' lang='lat' dir='ltr'>qui</span> <span class='ocrx_word' id='word_1_64' title='bbox 1037 1824 1142 1896; x_wconf 88' lang='lat' dir='ltr'>etin</span> 
     </span>
    </p>

    <p class='ocr_par' dir='ltr' id='par_1_3' title="bbox 50 1952 1143 4085">
     <span class='ocr_line' id='line_1_13' title="bbox 104 1952 1142 2063; baseline 0.002 -35"><span class='ocrx_word' id='word_1_65' title='bbox 104 2008 107 2013; x_wconf 29' lang='grc' dir='ltr'><strong><em>ι</em></strong></span> <span class='ocrx_word' id='word_1_66' title='bbox 141 1952 316 2053; x_wconf 79' lang='lat' dir='ltr'>Epistola</span> <span class='ocrx_word' id='word_1_67' title='bbox 337 1956 388 2030; x_wconf 91' lang='lat' dir='ltr'>ad</span> <span class='ocrx_word' id='word_1_68' title='bbox 407 1959 609 2034; x_wconf 89' lang='lat' dir='ltr'>Clericum</span> <span class='ocrx_word' id='word_1_69' title='bbox 627 1956 678 2032; x_wconf 92' lang='lat' dir='ltr'>de</span> <span class='ocrx_word' id='word_1_70' title='bbox 700 1972 794 2033; x_wconf 88' lang='lat' dir='ltr'>antt.</span> <span class='ocrx_word' id='word_1_71' title='bbox 813 1963 890 2063; x_wconf 81' lang='lat' dir='ltr'>Qu.</span> <span class='ocrx_word' id='word_1_72' title='bbox 905 1954 1003 2031; x_wconf 84' lang='lat' dir='ltr'>Edd.</span> <span class='ocrx_word' id='word_1_73' title='bbox 1021 1981 1142 2055; x_wconf 84' lang='lat' dir='ltr'>quae-</span> 
     </span>
     <span class='ocr_line' id='line_1_14' title="bbox 50 2085 1141 2202; baseline 0.003 -38"><span class='ocrx_word' id='word_1_74' title='bbox 50 2188 57 2202; x_wconf 38' lang='lat'><strong>·</strong></span> <span class='ocrx_word' id='word_1_75' title='bbox 142 2085 505 2169; x_wconf 80' lang='lat' dir='ltr'>dam-&#39;Lectionum</span> <span class='ocrx_word' id='word_1_76' title='bbox 532 2090 747 2193; x_wconf 84' lang='lat' dir='ltr'>specimina</span> <span class='ocrx_word' id='word_1_77' title='bbox 776 2092 954 2179; x_wconf 87' lang='lat' dir='ltr'>exhibet,</span> <span class='ocrx_word' id='word_1_78' title='bbox 1004 2107 1141 2167; x_wconf 82' lang='lat' dir='ltr'>nactus</span> 
     </span>
     <span class='ocr_line' id='line_1_15' title="bbox 142 2224 1142 2326; baseline 0.005 -30"><span class='ocrx_word' id='word_1_79' title='bbox 142 2226 373 2326; x_wconf 83' lang='lat' dir='ltr'>exemplum</span> <span class='ocrx_word' id='word_1_80' title='bbox 413 2224 655 2303; x_wconf 85' lang='lat' dir='ltr'>vetustiffimi</span> <span class='ocrx_word' id='word_1_81' title='bbox 687 2228 784 2305; x_wconf 87' lang='lat' dir='ltr'>libri</span> <span class='ocrx_word' id='word_1_82' title='bbox 816 2253 866 2302; x_wconf 88' lang='lat' dir='ltr'>ex</span> <span class='ocrx_word' id='word_1_83' title='bbox 899 2226 1142 2302; x_wconf 81' lang='lat' dir='ltr'>bibliotheca</span> 
     </span>
     <span class='ocr_line' id='line_1_16' title="bbox 140 2359 1141 2464; baseline 0.002 -32"><span class='ocrx_word' id='word_1_84' title='bbox 140 2360 439 2436; x_wconf 87' lang='lat' dir='ltr'>Pembrokiana.</span> <span class='ocrx_word' id='word_1_85' title='bbox 505 2366 593 2436; x_wconf 87' lang='lat' dir='ltr'>Nec</span> <span class='ocrx_word' id='word_1_86' title='bbox 627 2364 738 2439; x_wconf 88' lang='lat' dir='ltr'>ullus</span> <span class='ocrx_word' id='word_1_87' title='bbox 775 2377 974 2464; x_wconf 85' lang='lat' dir='ltr'>praeterea</span> <span class='ocrx_word' id='word_1_88' title='bbox 1010 2359 1141 2436; x_wconf 83' lang='lat' dir='ltr'>editor</span> 
     </span>
     <span class='ocr_line' id='line_1_17' title="bbox 140 2477 1143 2603; baseline 0.001 -35"><span class='ocrx_word' id='word_1_89' title='bbox 140 2493 243 2568; x_wconf 88' lang='lat' dir='ltr'>hanc</span> <span class='ocrx_word' id='word_1_90' title='bbox 265 2477 484 2573; x_wconf 76' lang='lat' dir='ltr'>editionem</span> <span class='ocrx_word' id='word_1_91' title='bbox 512 2523 605 2572; x_wconf 88' lang='lat' dir='ltr'>cum</span> <span class='ocrx_word' id='word_1_92' title='bbox 624 2511 734 2603; x_wconf 85' lang='lat' dir='ltr'>textu</span> <span class='ocrx_word' id='word_1_93' title='bbox 757 2496 972 2573; x_wconf 81' lang='lat' dir='ltr'>contendit</span> <span class='ocrx_word' id='word_1_94' title='bbox 1028 2495 1143 2572; x_wconf 79' lang='lat' dir='ltr'>Mul-</span> 
     </span>
     <span class='ocr_line' id='line_1_18' title="bbox 140 2629 1143 2732; baseline 0.004 -31"><span class='ocrx_word' id='word_1_95' title='bbox 140 2630 191 2704; x_wconf 92' lang='lat' dir='ltr'>tis</span> <span class='ocrx_word' id='word_1_96' title='bbox 212 2630 356 2706; x_wconf 85' lang='lat' dir='ltr'>abhinc</span> <span class='ocrx_word' id='word_1_97' title='bbox 386 2634 517 2719; x_wconf 85' lang='lat' dir='ltr'>annis,</span> <span class='ocrx_word' id='word_1_98' title='bbox 563 2658 656 2708; x_wconf 91' lang='lat' dir='ltr'>cum</span> <span class='ocrx_word' id='word_1_99' title='bbox 680 2634 726 2709; x_wconf 92' lang='lat' dir='ltr'>in</span> <span class='ocrx_word' id='word_1_100' title='bbox 744 2632 865 2732; x_wconf 83' lang='lat' dir='ltr'>Regis</span> <span class='ocrx_word' id='word_1_101' title='bbox 892 2629 1023 2707; x_wconf 78' lang='lat' dir='ltr'>nostra</span> <span class='ocrx_word' id='word_1_102' title='bbox 1051 2632 1143 2706; x_wconf 83' lang='lat' dir='ltr'>aula</span> 
     </span>
     <span class='ocr_line' id='line_1_19' title="bbox 139 2763 1143 2868; baseline 0.003 -30"><span class='ocrx_word' id='word_1_103' title='bbox 139 2763 361 2841; x_wconf 85' lang='lat' dir='ltr'>versaretur</span> <span class='ocrx_word' id='word_1_104' title='bbox 378 2766 615 2857; x_wconf 79' lang='lat' dir='ltr'>doctissimus</span> <span class='ocrx_word' id='word_1_105' title='bbox 630 2768 884 2868; x_wconf 85' lang='lat' dir='ltr'>Imperatoris</span> <span class='ocrx_word' id='word_1_106' title='bbox 910 2782 1044 2843; x_wconf 89' lang='lat' dir='ltr'>orator</span> <span class='ocrx_word' id='word_1_107' title='bbox 1063 2770 1143 2841; x_wconf 88' lang='lat' dir='ltr'>Re·</span> 
     </span>
     <span class='ocr_line' id='line_1_20' title="bbox 138 2899 1143 3017; baseline 0.006 -46"><span class='ocrx_word' id='word_1_108' title='bbox 138 2899 265 2975; x_wconf 81' lang='lat' dir='ltr'>vitius</span> <span class='ocrx_word' id='word_1_109' title='bbox 287 2901 444 2990; x_wconf 83' lang='lat' dir='ltr'>Comes,</span> <span class='ocrx_word' id='word_1_110' title='bbox 472 2904 782 3017; x_wconf 70' lang='lat' dir='ltr'>etiamBerolini</span> <span class='ocrx_word' id='word_1_111' title='bbox 797 2918 953 3004; x_wconf 91' lang='lat' dir='ltr'>poterat</span> <span class='ocrx_word' id='word_1_112' title='bbox 977 2899 1143 3002; x_wconf 85' lang='lat' dir='ltr'>spectari</span> 
     </span>
     <span class='ocr_line' id='line_1_21' title="bbox 139 3033 1141 3135; baseline 0.005 -27"><span class='ocrx_word' id='word_1_113' title='bbox 139 3033 206 3108; x_wconf 90' lang='lat' dir='ltr'>hic</span> <span class='ocrx_word' id='word_1_114' title='bbox 235 3034 357 3124; x_wconf 87' lang='lat' dir='ltr'>liber,</span> <span class='ocrx_word' id='word_1_115' title='bbox 403 3039 596 3135; x_wconf 87' lang='lat' dir='ltr'>quoniam</span> <span class='ocrx_word' id='word_1_116' title='bbox 626 3039 732 3113; x_wconf 84' lang='lat' dir='ltr'>inter</span> <span class='ocrx_word' id='word_1_117' title='bbox 758 3036 1023 3114; x_wconf 83' lang='lat' dir='ltr'>bibliothecae</span> <span class='ocrx_word' id='word_1_118' title='bbox 1055 3041 1141 3131; x_wconf 86' lang='lat' dir='ltr'>ejus</span> 
     </span>
     <span class='ocr_line' id='line_1_22' title="bbox 138 3166 1142 3272; baseline 0.004 -28"><span class='ocrx_word' id='word_1_119' title='bbox 138 3166 356 3245; x_wconf 85' lang='lat' dir='ltr'>lectillimae</span> <span class='ocrx_word' id='word_1_120' title='bbox 374 3173 530 3247; x_wconf 85' lang='lat' dir='ltr'>cimelia</span> <span class='ocrx_word' id='word_1_121' title='bbox 548 3170 786 3261; x_wconf 86' lang='lat' dir='ltr'>servabatur,</span> <span class='ocrx_word' id='word_1_122' title='bbox 815 3197 915 3272; x_wconf 84' lang='lat' dir='ltr'>quae</span> <span class='ocrx_word' id='word_1_123' title='bbox 931 3196 1041 3247; x_wconf 83' lang='lat' dir='ltr'>nunc</span> <span class='ocrx_word' id='word_1_124' title='bbox 1062 3175 1142 3250; x_wconf 86' lang='lat' dir='ltr'>Co·</span> 
     </span>
     <span class='ocr_line' id='line_1_23' title="bbox 137 3306 1139 3406; baseline 0.002 -24"><span class='ocrx_word' id='word_1_125' title='bbox 137 3309 275 3382; x_wconf 85' lang='lat' dir='ltr'>mitem</span> <span class='ocrx_word' id='word_1_126' title='bbox 298 3308 542 3406; x_wconf 84' lang='lat' dir='ltr'>Spencerum</span> <span class='ocrx_word' id='word_1_127' title='bbox 572 3306 691 3383; x_wconf 90' lang='lat' dir='ltr'>habet</span> <span class='ocrx_word' id='word_1_128' title='bbox 716 3306 947 3397; x_wconf 84' lang='lat' dir='ltr'>dominum,</span> <span class='ocrx_word' id='word_1_129' title='bbox 984 3326 1032 3383; x_wconf 93' lang='lat' dir='ltr'>ut</span> <span class='ocrx_word' id='word_1_130' title='bbox 1054 3307 1139 3384; x_wconf 90' lang='lat' dir='ltr'>duo</span> 
     </span>
     <span class='ocr_line' id='line_1_24' title="bbox 137 3439 1143 3547; baseline 0.006 -32"><span class='ocrx_word' id='word_1_131' title='bbox 137 3442 183 3515; x_wconf 91' lang='lat' dir='ltr'>in</span> <span class='ocrx_word' id='word_1_132' title='bbox 224 3439 355 3516; x_wconf 85' lang='lat' dir='ltr'>insula</span> <span class='ocrx_word' id='word_1_133' title='bbox 394 3458 583 3547; x_wconf 80' lang='lat' dir='ltr'>veterum¹</span> <span class='ocrx_word' id='word_1_134' title='bbox 621 3445 828 3519; x_wconf 86' lang='lat' dir='ltr'>literarum</span> <span class='ocrx_word' id='word_1_135' title='bbox 873 3440 1143 3521; x_wconf 80' lang='lat' dir='ltr'>studiofiffima</span> 
     </span>
     <span class='ocr_line' id='line_1_25' title="bbox 136 3572 1142 3693; baseline 0.005 -44"><span class='ocrx_word' id='word_1_136' title='bbox 136 3574 261 3664; x_wconf 85' lang='lat' dir='ltr'>huius</span> <span class='ocrx_word' id='word_1_137' title='bbox 279 3572 467 3651; x_wconf 84' lang='lat' dir='ltr'>editionis</span> <span class='ocrx_word' id='word_1_138' title='bbox 485 3579 664 3677; x_wconf 81' lang='lat' dir='ltr'>exempla</span> <span class='ocrx_word' id='word_1_139' title='bbox 685 3574 759 3651; x_wconf 85' lang='lat' dir='ltr'>elle</span> <span class='ocrx_word' id='word_1_140' title='bbox 783 3572 944 3667; x_wconf 84' lang='lat' dir='ltr'>constet,</span> <span class='ocrx_word' id='word_1_141' title='bbox 957 3576 1070 3693; x_wconf 64' lang='lat' dir='ltr'>flum</span> <span class='ocrx_word' id='word_1_142' title='bbox 1095 3580 1142 3654; x_wconf 89' lang='lat' dir='ltr'>in</span> 
     </span>
     <span class='ocr_line' id='line_1_26' title="bbox 137 3708 1141 3814; baseline 0.004 -31"><span class='ocrx_word' id='word_1_143' title='bbox 137 3709 305 3808; x_wconf 88' lang='lat' dir='ltr'>reliquis</span> <span class='ocrx_word' id='word_1_144' title='bbox 342 3710 455 3785; x_wconf 89' lang='lat' dir='ltr'>terris</span> <span class='ocrx_word' id='word_1_145' title='bbox 487 3735 539 3784; x_wconf 93' lang='lat' dir='ltr'>ne</span> <span class='ocrx_word' id='word_1_146' title='bbox 568 3712 643 3784; x_wconf 86' lang='lat' dir='ltr'>uni</span> <span class='ocrx_word' id='word_1_147' title='bbox 675 3708 842 3810; x_wconf 90' lang='lat' dir='ltr'>quidem</span> <span class='ocrx_word' id='word_1_148' title='bbox 872 3709 1019 3805; x_wconf 81' lang='lat' dir='ltr'>editori</span> <span class='ocrx_word' id='word_1_149' title='bbox 1053 3710 1141 3814; x_wconf 85' lang='lat' dir='ltr'>post</span> 
     </span>
     <span class='ocr_line' id='line_1_27' title="bbox 139 3841 1140 3945; baseline 0.005 -27"><span class='ocrx_word' id='word_1_150' title='bbox 139 3845 215 3919; x_wconf 85' lang='lat' dir='ltr'>tria</span> <span class='ocrx_word' id='word_1_151' title='bbox 242 3841 372 3920; x_wconf 86' lang='lat' dir='ltr'>secula</span> <span class='ocrx_word' id='word_1_152' title='bbox 397 3846 521 3945; x_wconf 87' lang='lat' dir='ltr'>potiri</span> <span class='ocrx_word' id='word_1_153' title='bbox 549 3869 594 3919; x_wconf 91' lang='lat' dir='ltr'>ea</span> <span class='ocrx_word' id='word_1_154' title='bbox 616 3846 823 3945; x_wconf 60' lang='lat' dir='ltr'>contingit:</span> <span class='ocrx_word' id='word_1_155' title='bbox 888 3846 1140 3923; x_wconf 83' lang='lat' dir='ltr'>Andreanam</span> 
     </span>
     <span class='ocr_line' id='line_1_28' title="bbox 137 3974 1140 4085; baseline 0.008 -34"><span class='ocrx_word' id='word_1_156' title='bbox 137 3974 346 4055; x_wconf 80' lang='lat' dir='ltr'>Giblonus&#39;</span> <span class='ocrx_word' id='word_1_157' title='bbox 366 3979 538 4055; x_wconf 89' lang='lat' dir='ltr'>contulit</span> <span class='ocrx_word' id='word_1_158' title='bbox 559 3995 599 4052; x_wconf 88' lang='lat' dir='ltr'>et</span> <span class='ocrx_word' id='word_1_159' title='bbox 621 3978 821 4081; x_wconf 71' lang='lat' dir='ltr'>excerpsit,</span> <span class='ocrx_word' id='word_1_160' title='bbox 846 4006 980 4085; x_wconf 90' lang='lat' dir='ltr'>neque</span> <span class='ocrx_word' id='word_1_161' title='bbox 1006 3999 1140 4059; x_wconf 90' lang='lat' dir='ltr'>tamen</span> 
     </span>
    </p>
   </div>
   <div class='ocr_carea' id='block_1_3' title="bbox 0 0 1302 4710">
    <p class='ocr_par' dir='ltr' id='par_1_4' title="bbox 0 0 1302 4710">
     <span class='ocr_line' id='line_1_29' title="bbox 0 0 1302 4710; baseline 0 0"><span class='ocrx_word' id='word_1_162' title='bbox 0 0 1302 4710; x_wconf 95' lang='lat' dir='ltr'> </span> 
     </span>
    </p>
   </div>
  </div>
 </body>
</html>
