2596 4710
188 268 233 335 ιε
387 248 482 319 λιιι.
508 218 610 321 aaa.
635 246 948 342 quurrmmnr

183 440 341 516 Faciant
356 438 464 512 enim
479 432 631 535 aliquid
638 430 858 510 necesseest.
917 437 997 511 Aut
1014 432 1209 529 curhoc„

184 555 582 655 quantulumcunque
600 546 666 638 est,
688 575 815 649 usque
831 548 881 623 ad
895 546 1042 651 septem
1059 576 1188 630 annot

182 671 344 746 lucrum
377 664 646 741 fastidiamus?
692 666 793 741 Nam
828 680 931 740 certe
964 667 1195 767 quamlibet·

182 808 354 885 parvum
372 779 433 872 sit,
462 780 573 879 quod
592 781 804 855 contulerit
818 795 919 856 aetas
938 782 1071 881 prior,
1101 806 1186 858 ma·

102 924 105 929 ·
182 906 267 993 jora
287 914 419 973 tamen
445 896 577 995 aliqua
597 892 718 969 discet
750 920 852 995 puer
880 920 928 972 eo
954 893 1040 997 ipso
1064 921 1185 989 anno,

37 1008 40 1014 ’
137 1040 266 1114 19quo
289 1016 446 1088 minora
470 1007 672 1085 didicisset.
731 1014 818 1086 Hoc
831 1036 903 1111 per
923 1009 1097 1112 singulos
1114 1038 1185 1099 au·

179 1155 254 1207 nos
293 1142 575 1229 prorogatum,
620 1127 664 1199 in
699 1123 893 1201 summam
920 1123 1098 1227 proficit:
1144 1142 1186 1205 et

62 1256 66 1269 '
179 1259 374 1344 quantum
387 1244 437 1317 iu.
445 1237 612 1317 infantia
629 1236 897 1339 praesumtum
913 1239 968 1315 est
979 1244 1185 1345 temporie,

179 1356 460 1436 adolescentiae
484 1356 711 1455 acquiritur.
771 1354 884 1430 Idem
910 1346 1037 1432 etiam
1049 1355 1100 1432 de
1125 1354 1186 1435 se·

180 1475 395 1575 quentibus
410 1474 523 1547 aunis
536 1485 790 1577 praeceptum
798 1469 863 1545 stt:
892 1498 956 1561 ne,
976 1470 1087 1577 quod
1098 1473 1180 1551 cui.

180 1614 259 1690 que
275 1584 509 1665 discendum
524 1585 590 1673 est,
607 1582 694 1660 sero
708 1584 855 1660 discere
872 1588 1045 1689 incipiat.
1068 1590 1191 1667 .Nort

159 1714 161 1719 ’
179 1729 274 1803 ergo
292 1701 501 1834 perdamus
514 1703 692 1800 primum
706 1698 833 1777 statim
852 1716 1027 1802 tempus:
1063 1718 1186 1805 atque

179 1844 229 1894 eo
253 1820 408 1905 miuus
437 1815 583 1916 quod
571 1818 685 1891 mitia
707 1818 911 1892 literarum
931 1815 1011 1894 sola
1030 1842 1185 1895 memo·

179 1937 240 2009 ria
264 1928 459 2021 constant,
488 1956 591 2033 quae
618 1957 701 2006 non
720 1929 876 2008 modo
864 1956 943 2025 lam
957 1930 1040 2007 est
1029 1958 1074 2007 ιιι
1093 1958 1184 2033 par·

134 2051 264 2137 novis,
288 2028 356 2123 sed
374 2049 594 2123 tumetium
617 2044 846 2135 tenacissima
861 2044 925 2121 est.
985 2049 1073 2122 Nec
1091 2046 1228 2132 sumtu

179 2164 278 2238 adeo
291 2178 462 2236 aetatum
469 2160 713 2261 imprudens,
732 2176 778 2237 ut
793 2157 1020 2238 instandum
1037 2164 1185 2240 teneris

178 2279 362 2380 protinus
374 2277 509 2351 acerbe
523 2292 671 2376 putem,
701 2275 1014 2378 exigendamque
1022 2278 1185 2376 plenam

179 2418 350 2493 operam.
408 2393 516 2469 Nam
538 2390 609 2465 id
597 2418 641 2465 m
659 2393 799 2491 primis
817 2416 952 2467 cavere
970 2392 1183 2492 oportebit,

177 2535 230 2585 ne
246 2505 395 2597 studia,
421 2509 494 2606 qui
509 2531 636 2581 amare
656 2504 840 2583 nondum
855 2505 1002 2639 potest,
1038 2507 1183 2599 oderit,

179 2640 219 2699 et
244 2623 548 2717 auraritudsnem
566 2620 684 2696 semel
702 2638 925 2724 perceptam
942 2604 1061 2699 etiam
1077 2622 1184 2701 ultra

230 2866 349 2925 partum.
393 2855 436 2906 Ῐῑι
459 2847 565 2921 Bodtej.
591 2846 685 2905 Guelt
709 2849 869 2913 Andrum,
898 2850 962 2907 Ald.
981 2845 1081 2911 Obr.
1088 2868 1183 2926 neque

174 2935 290 2992 videtur
314 2936 416 3015 gradu·
443 2936 495 2990 esse
512 2937 541 2988 in
565 2931 604 3004 rq'r'
618 2954 714 3007 parum
729 2937 806 3009 qnod
822 2956 875 3012 pro
891 2955 924 2992 eo
941 2937 1025 2993 habet
1044 2937 1184 3005 Geanrut

175 3036 204 3076 et
220 3020 318 3080 ceteri,
341 3036 373 3074 ut
387 3018 469 3095 poslit
481 3020 564 3098 jungi
579 3038 645 3073 cum
662 3021 813 3094 quandibet.
856 3023 950 3075 Etiam
964 3026 1076 3092 majora.
1095 3022 1182 3077 utino·

176 3126 218 3168 ra,
238 3104 338 3160 melius
355 3104 389 3158 ad
405 3124 518 3178 parvum
533 3104 703 3164 reseruntur,
721 3123 804 3178 quam
823 3104 856 3158 nd
863 3127 967 3179 parum

135 3240 142 3253 ,
239 3206 401 3264 perceptam.
443 3192 485 3244 Ita
494 3187 586 3244 Guels.
602 3202 631 3242 et
647 3189 731 3243 Goth.
741 3188 816 3247 Voss.
827 3204 855 3243 2.
872 3189 954 3245 Bods.
962 3209 1026 3245 cum
1036 3202 1107 3244 vett.
1115 3186 1179 3244 edd.

176 3273 319 3351 plurimis.
362 3273 442 3329 Aliae
458 3292 487 3330 et
503 3273 684 3334 recentioret.
706 3288 739 3327 ut
761 3275 857 3334 Geso..
884 3290 1070 3348 praeceptam,
1100 3271 1181 3347 quod

175 3359 295 3414 mirifice
312 3357 400 3432 placet
416 3361 586 3415 Burmorno.
629 3359 726 3412 Sensus
743 3359 907 3430 exquisitior
923 3356 1106 3432 praecipiendi
1124 3372 1181 3433 pro

174 3445 369 3517 antecapr'endd
384 3443 489 3502 alienun
506 3441 584 3497 abh.
600 3442 637 3503 l..
658 3441 694 3497 ob
719 3442 855 3515 adjectum
877 3442 978 3518 senus,
1000 3441 1121 3497 otiosum
1148 3439 1181 3495 itt

175 3526 305 3604 vnsgata:
326 3543 463 3602 praeterea
480 3548 513 3583 oo
530 3529 603 3582 seusu
617 3525 784 3602 praesumere
798 3527 966 3603 plerumque
980 3526 1051 3580 dicit
1074 3528 1129 3601 Qu.
1150 3538 1183 3581 ut

176 3612 261 3666 modo
286 3612 365 3686 §iq
393 3628 558 3691 etprooem.
578 3626 626 3665 20.

175 3808 284 3864 theam
314 3812 462 3870 Graecam,
505 3808 548 3864 ed
579 3807 659 3862 Harl.
693 3807 811 3864 lectione
834 3803 1093 3888 Geogtaphicorum
1114 3813 1182 3867 Ett-

176 3894 240 3951 Vol.
257 3904 286 3966 4.
306 3914 334 3970 p.
357 3910 413 3958 ¹¹7
427 3898 498 3969 seqq.
521 3908 549 3947 et
567 3892 659 3950 carot
695 3892 835 3949 tostlrenis

176 3980 200 4034 G
206 3978 286 4034 ttnth.
293 3977 454 4041 &idalium
477 3975 662 4049 conjunctiffi·
732 3974 764 4050 se
766 3979 817 4033 mas
838 3993 1000 4056 perceptam.
1040 3977 1103 4035 rid.
1119 3992 1180 4037 not·

175 4082 254 4119 mum
265 4061 409 4143 collegam
424 4083 538 4123 meum.
559 4062 661 4123 inrot-
695 4057 768 4120 Ctit.
