2596 4710
137 258 145 269 '
204 268 276 356 ‚aa
437 265 495 337 ru.
521 212 962 361 rnnssqururunm

199 451 462 561 prehenfrone
482 452 624 552 digna,
650 448 831 529 securitas
861 459 993 529 tamen
1019 448 1111 529 ellet
1136 469 1203 532 ut·

200 598 360 672 cunque
388 569 623 655 tolerabilis,
652 565 900 657 fieiusmodi
926 584 1202 670 praeceptores

199 690 333 767 minus
358 685 567 771 docerent,
596 708 681 759 non
704 690 837 785 pejus:
868 685 966 757 alter
987 684 1058 758 ille
1080 686 1200 761 etiam

199 801 469 905 frequentior,
495 797 608 899 quod
621 823 707 886 eos,
728 801 801 899 qui
816 800 1051 905 ampliorem
1065 798 1201 875 dicen·

198 916 244 993 di
265 916 492 992 facultatem
515 910 607 988 sunt
626 912 843 1003 consecuti,
866 922 962 989 'non
984 928 1130 1013 putant
1149 912 1200 990 ad

195 1033 353 1109 minora
367 1028 621 1106 descendere:
652 1029 776 1128 idque
790 1031 952 1104 interim
968 1025 1075 1119 fieri,
1105 1030 1200 1130 quia

162 1240 166 1247 .
195 1142 398 1221 fastidiant
423 1141 613 1244 praestare
635 1143 736 1219 hanc
761 1142 1020 1221 inferioribus
1044 1169 1199 1234 curam;

170 1258 379 1349 tinten‘m,
407 1263 501 1360 quia
515 1260 681 1335 omnino
700 1286 783 1336 non
798 1257 946 1358 poffint.
1004 1264 1090 1359 Ego
1106 1285 1202 1360 por·

196 1401 373 1463 recum,
390 1376 460 1474 qui
474 1375 597 1459 nolit,
625 1375 668 1450 iu
684 1400 852 1450 numero
868 1376 1200 1474 praecipientium

195 1517 281 1569 non
313 1491 459 1580 habeo;
496 1485 601 1588 polle
639 1505 772 1564 autem
800 1492 986 1578 maxime,
1023 1488 1050 1564 st
1082 1492 1200 1579 velit,

196 1608 397 1706 optimum
415 1628 616 1703 quemque
632 1603 852 1680 contendo:
878 1606 1068 1706 primum,
1088 1603 1200 1705 quod

195 1745 311 1809 eum,
333 1721 406 1818 qui
420 1720 647 1819 eloquentia
666 1720 802 1794 ceteris
815 1716 993 1821 praestet,
1011 1719 1081 1794 illa
1097 1745 1200 1819 quo·

195 1820 294 1934 que,
326 1859 398 1934 per
426 1859 526 1933 quae
563 1834 612 1907 ad
650 1836 919 1933 eloquentiam
946 1839 1198 1935 pervenitur,

168 1949 483 2049 §diligentillrme
499 1947 710 2049 percepille
728 1950 916 2024 credibile
932 1948 1005 2025 est:
1037 1949 1196 2041 deinde,

195 2068 289 2166 quia
320 2062 543 2165 plurimum
574 2066 619 2139 in
640 2065 920 2165 praecipiendo
949 2066 1054 2140 valet
1082 2066 1195 2155 ratio,
1227 2116 1232 2123 -

192 2206 293 2282 quae
315 2178 530 2256 doctillimo
550 2182 697 2280 cuique
714 2178 927 2282 planillrma
942 2179 1015 2256 est:
1046 2178 1196 2283 polire·

250 2405 317 2484 sant
331 2406 403 2482 cons.
443 2406 536 2464 Guell.
546 2405 603 2485 fine
620 2405 690 2482 cons.
713 2428 776 2463 cum
792 2407 890 2464 multis
911 2408 974 2465 edd.
994 2408 1196 2486 nequedifpli·

191 2506 250 2557 eet:
273 2492 316 2546 sed
331 2510 400 2547 mox
414 2492 526 2567 pellime
543 2492 617 2546 idem
633 2492 741 2570 poffunt
755 2512 808 2567 pro
821 2491 929 2569 pofflnt.

253 2574 415 2652 planiffima.
458 2575 550 2632 Guelf.
573 2576 722 2651 pleniffima
750 2596 813 2631 cum
834 2577 943 2651 aliquot
966 2576 1056 2634 codd.
1080 2593 1110 2632 et
1131 2576 1192 2635 edd.

191 2662 275 2718 Recte
297 2660 414 2714 nostram
435 2660 549 2716 videtur
569 2660 715 2714 defendere
738 2661 856 2722 Badius,
884 2662 935 2734 qui
955 2659 1192 2738 inanifeftffmm

190 2746 396 2819 interpretatur.
430 2744 593 2801 Confulioni
606 2745 680 2817 apud
694 2743 822 2799 librarios
837 2745 958 2800 obnoxia
971 2745 1003 2799 in
1014 2748 1115 2823 primis
1131 2747 1191 2803 lunt

190 2832 289 2905 plenas
303 2844 331 2883 et
345 2830 448 2902 plenus.
469 2827 529 2883 vid.
543 2827 684 2883 Drakenb.
699 2828 731 2881 ad
746 2830 812 2885 Liv.
828 2838 857 2902 4.
873 2843 922 2897 32,
936 2848 982 2885 ro.

188 3014 275 3077 illud,
297 3012 497 3088 aquibnedam
514 3016 576 3074 VV.
599 3016 667 3069 DD.
710 3012 877 3071 Declamare.
901 3033 929 3088 p.
945 3022 995 3084 38.
1019 3013 1085 3074 Vol.
1108 3028 1137 3071 Ω.
1159 3014 1192 3071 in'

188 3099 353 3156 totietatem
389 3113 498 3172 praeter
532 3098 669 3152 neoeffiu·
712 3099 885 3174 oppofitione
912 3100 1043 3176 „Negant
1064 3128 1106 3143 -
1127 3102 1190 3179 Ego

188 3198 254 3238 tem.
298 3184 433 3262 Pingnius
447 3196 474 3235 et
488 3182 582 3236 minut
597 3182 668 3235 dilli-
709 3201 814 3256 „porro
830 3211 871 3226 -
887 3182 1043 3236 existimo.·⁸
1075 3182 1129 3239 aed
1144 3182 1191 3240 Gi·

187 3266 295 3322 mulato
311 3280 460 3329 contemtu
470 3266 603 3320 Horatius
620 3267 666 3326 „O
710 3269 818 3321 ceronis
846 3283 958 3339 quoqne
985 3264 1093 3341 aliquid
1118 3269 1191 3340 ἠιιιι

186 3338 276 3415 „dure
296 3352 445 3407 meliorum
466 3349 543 3405 iliae·
576 3349 666 3424 Epod.
709 3350 788 3407 modi
815 3353 933 3427 ¹altorem
967 3350 998 3403 in
1032 3351 1190 3431 fragmento

187 3443 225 3505 ’5,
244 3444 274 3507 4.
708 3436 843 3491 orationis
857 3452 910 3510 pro
918 3437 1022 3489 Scauro
1040 3432 1068 3502 5,
1089 3449 1135 3502 15,
1147 3446 1188 3509 4ο

229 3521 290 3593 Ego
318 3536 409 3593 porro.
459 3519 511 3577 vis
540 3516 667 3574 adverbii
708 3522 787 3593 „Ego
815 3537 897 3592 porro
925 3547 968 3561 -
994 3519 1132 3575 clitellis-‘⁴
1160 3538 1188 3594 p.

186 3594 285 3678 porro,
308 3602 344 3656 est
364 3603 395 3656 in
418 3603 591 3677 oppositione
607 3602 666 3655 vid.
712 3612 800 3672 ¹⁰58·
818 3601 884 3660 Vol.
901 3611 930 3673 4.
956 3605 986 3655 P.
1005 3616 1032 3656 2.
1049 3604 1119 3658 Em.
1139 3600 1190 3659 ubi

191 3707 216 3745 ι.
237 3699 273 3753 5,
294 3687 344 3759 46.
384 3685 550 3745 Simillimue
575 3686 666 3739 nolito
708 3688 824 3742 clitellae
847 3701 1030 3760 opponuntur
1049 3684 1189 3761 plaustris·

185 3768 265 3824 locut
283 3785 311 3831 a,
329 3783 375 3834 17,
390 3780 419 3837 8.
436 3770 500 3830 ubi,
521 3770 666 3846 praemiffo
708 3771 743 3825 cl.
759 3785 820 3824 not.
839 3785 866 3830 a,
887 3790 911 3830 r,
929 3784 958 3836 7.

188 3852 335 3908 adversarii
357 3858 404 3920 (nt
418 3851 478 3922 hic)
491 3868 665 3933 argumento,
748 3875 816 3915 cum,
832 3858 879 3931 qui
893 3855 969 3909 nolit.
993 3855 1029 3909 el.
1049 3875 1075 3918 ι,
1092 3865 1122 3928 4,
1138 3869 1203 3924 αι,

187 3938 266 3998 ..Noa
296 3954 382 4012 porro
404 3965 445 3981 -
475 3957 532 3993 non
562 3938 666 3992 labora·
748 3943 819 3995 ratio
835 3968 877 3981 -
899 3935 1061 4014 plamffima.
1104 3942 1189 3997 Italo

185 4032 277 4077 murd‘
306 4023 340 4076 it.
354 4035 383 4090 3,
397 4032 427 4091 8,
441 4036 491 4097 59.
508 4024 588 4100 „Ego
602 4041 666 4095 por·
706 4022 874 4084 estelteeria,
891 4025 1015 4098 opposita
1027 4016 1189 4099 illapraarir

184 4120 238 4169 ..to
251 4116 321 4159 -.“
350 4108 422 4161 Item
435 4106 510 4182 apud
522 4120 664 4167 uictorem
705 4104 859 4183 planiffima
871 4106 1004 4169 hreeell.
1026 4126 1095 4165 cum
1112 4126 1191 4185 prot·
