2596 4710
180 810 386 885 oratorem,
410 796 472 869 cui
485 817 601 869 curae
607 787 677 903 fit,
711 794 818 894 quod
834 792 946 879 dicat,
975 794 1118 894 quique
1125 788 1186 904 stt
1219 807 1222 811 “

180 976 247 1050 vir
261 969 394 1048 honus.
448 973 548 1046 Inde
569 964 640 1077 est,
669 973 775 1072 quod
792 967 841 1045 ab
863 973 1015 1068 optimis
1032 966 1186 1071 quibus·

179 1176 265 1250 que,
290 1145 385 1255 post
400 1166 555 1226 renatas
573 1148 718 1239 literas,
742 1153 840 1226 uiris
853 1147 1015 1247 plurimi
1022 1140 1186 1259 stupet·
1212 1178 1215 1185 ·

167 1320 311 1434 factus
327 1320 418 1433 suit
443 1325 503 1399 iric
520 1319 714 1435 scriptor,
763 1328 865 1427 qui>
893 1320 938 1436 si
962 1329 1048 1427 quir
1069 1325 1184 1417 attus,

177 1500 316 1581 bouum
346 1519 507 1576 mentem
531 1500 636 1579 uuila
660 1529 736 1579 nou
758 1504 851 1589 ,loco
875 1530 977 1603 prae
998 1497 1052 1614 se
1075 1499 1181 1610 fert.

135 1680 140 1697 ’
181 1682 368 1759 Videmus
385 1679 593 1768 hominem,
621 1686 730 1757 aunis
739 1681 826 1782 jam
842 1697 1091 1782 prunedum,
1117 1709 1182 1759 ac·

176 1861 311 1933 cedere
327 1861 383 1935 ad
394 1812 669 1966 uersaribeuda
691 1886 761 1949 ea,
795 1889 897 1961 quae
923 1831 1073 1966 maguti
1096 1883 1182 1935 cum

68 2112 72 2121 ,
176 2036 294 2111 laude
311 2038 377 2111 diu
396 2028 686 2145 discipulusuis
705 2042 960 2136 praeiverat..
1002 2034 1182 2113 Plurima

177 2199 275 2319 inest
293 2217 513 2313 praeceptis
530 2217 727 2322 gravitas,
756 2217 855 2289 uude
870 2208 1064 2324 agnoscas
1075 2209 1180 2323 scri-

173 2407 326 2491 ptorem
343 2408 382 2466 et
401 2416 529 2466 rerum
552 2407 741 2467 momenta
759 2409 797 2468 et
815 2390 1006 2469 homiuum
1024 2394 1183 2498 ingenia

175 2585 390 2669 apertum.
450 2570 597 2668 Neque
619 2585 747 2643 tamen
754 2562 896 2679 sobria
917 2567 1013 2643 haec
1030 2584 1069 2642 et
1082 2561 1182 2678 sub·

174 2762 265 2821 aeta
279 2741 463 2852 magistri
473 2747 684 2844 prudentia
699 2772 744 2821 eo
761 2751 883 2821 miuus
899 2750 938 2822 iu
955 2745 1181 2822 admiratio-

173 2950 259 2999 uem
269 2917 513 3034 summorum
532 2916 844 3033 oratorumsolet
861 2921 990 3025 abripi
1008 2938 1048 3000 et
1062 2921 1181 3022 juve·

174 3101 301 3176 uiliter
317 3054 428 3210 quase
452 3095 610 3207 gestire.
671 3102 812 3199 Prodit
825 3094 879 3210 ſse
900 3098 1006 3177 uobis
1028 3103 1197 3177 animus.

170 3278 324 3377 pulchri
351 3296 390 3355 et
412 3272 561 3385 iiouesti
589 3292 669 3352 tam
696 3272 857 3377 cupidus
886 3295 928 3355 ut
956 3278 1061 3354 nullo
1091 3307 1117 3353 u
1139 3305 1176 3365 u,

172 3454 277 3531 nullo
293 3452 436 3543 labore,
464 3461 638 3554 potuerit
657 3458 713 3531 ad
729 3455 864 3534 horum
876 3450 1038 3567 sensum
1054 3452 1177 3529 occal-

149 3627 322 3752 ¹lescere.
387 3633 647 3745 Quaecunque
672 3625 894 3744 offeruntur
916 3637 955 3707 iu
968 3625 1177 3743 scriptori·

172 3806 260 3901 bus,
289 3837 384 3913 quos
409 3803 625 3900 tractabat,
661 3813 850 3917 egregia,
887 3836 935 3885 ea
958 3804 1070 3921 quast
1093 3824 1176 3882 tum

173 3988 334 4088 denique
356 3980 615 4096 cognosceret,
640 3992 809 4063 animum
836 3988 917 4088 ejus
931 3982 1104 4095 feriunt,
1126 4000 1176 4063 'ut
