2596 4710
133 269 196 332 ιη
458 246 799 331 PRAEFATIO.

1 482 2 488 κ
134 439 246 516 enim
265 422 393 537 magis
422 461 542 535 quam
560 412 754 513 Gesnerus
773 436 818 509 in
840 430 962 510 Praes.
988 431 1040 509 ad
1060 443 1136 540 Qu.

2 560 4 565 ’
136 572 294 663 dubito,
322 573 423 671 quin
447 568 574 647 Codd.
600 571 839 675 Quintiliani
865 571 1068 646 extiterint
1098 587 1139 644 et

135 707 261 784 hodie
298 721 431 780 extent
467 706 670 804 Poggiano
712 704 957 804 ‘antiquiores
994 706 1061 781 vel
1100 707 1140 780 ei

135 840 271 916 saltem
285 841 474 939 aequales.
534 841 608 915 His
625 864 847 917 annumero
864 838 1139 934 Bodlejanum,

136 974 530 1063 Almeloveuianum,
586 971 975 1074 Argentoratensem,
1025 982 1140 1067 cujus

136 1138 218 1211 quo
253 1110 388 1187 minus
423 1111 648 1209 pleniorem
671 1100 871 1184 'notitiam
907 1108 1017 1183 daret
1057 1109 1138 1184 Ob·

20 1218 23 1225 ¹
134 1245 308 1334 rechtus,
334 1259 464 1318 morte
489 1241 706 1342 impeditus
731 1239 805 1332 est3
834 1241 923 1342 post
948 1269 1043 1319 eum
1067 1269 1138 1319 ve·

134 1402 183 1457 ro
211 1377 435 1455 retractavit
468 1401 599 1452 nemo.
674 1346 842 1482 Qualem
875 1378 1028 1453 librarii
1057 1377 1139 1453 stu·
1174 1424 1178 1429 -

134 1537 277 1617 potem
300 1514 345 1585 in
360 1510 567 1585 Turicenli
589 1509 739 1586 Codice
767 1510 1029 1587 animadverti
1048 1538 1139 1588 nar-

135 1648 195 1723 rat
224 1646 524 1744 Sulzbergerus,
561 1644 671 1751 idem
700 1662 901 1747 comparet
933 1648 978 1723 in
1007 1648 1140 1721 Alme-

134 1781 371 1868 loveniano,
408 1784 521 1873 cuius
548 1781 609 1857 rei
633 1782 812 1882 exempla
838 1782 1032 1882 quaedam
1055 1768 1153 1856 οόΙ-1

135 1915 236 2014 legit
259 1890 541 1991 Loclrmarmus
570 1915 595 1988 l.
613 1941 643 1989 c.
667 1942 705 2015 p.
724 1922 762 2005 6,
789 1933 829 1991 et
853 1914 936 2017 ipse
964 1918 1140 1991 innotis

135 2034 412 2157 dem'onstravi.
471 2046 668 2143 Verissrme
697 2067 830 2125 autem
856 2053 1138 2152 Sulzbergerus

135 2200 285 2272 mouet,
313 2184 491 2258 multum
520 2186 761 2260 auctoritatis
786 2183 927 2261 Codici
955 2185 1139 2273 accedere

69 2314 72 2321 ’
136 2342 184 2392 ex
209 2313 300 2417 ipsis
329 2314 435 2391 hisce
449 2319 578 2407 vitiis,
609 2321 801 2418 quoniam
817 2322 890 2420 qui
907 2321 1139 2396 recentiori·

135 2449 212 2555 bus
233 2447 372 2525 seculis
402 2448 666 2528 describerent
693 2471 843 2530 veteres
872 2455 1008 2543 libros,
1037 2454 1136 2530 adeo

120 2587 313 2687 imperiti
342 2580 426 2658 sere
451 2610 537 2662 uon
557 2604 677 2663 crant.
736 2591 808 2664 His
830 2614 903 2690 ego
920 2588 1138 2665 codicibus

136 2716 225 2793 sum
255 2717 361 2807 usus,
388 2737 651 2820 promerem,
688 2748 866 2822 quorum
894 2724 1052 2800 collatio
1083 2720 1138 2795 est

136 2851 246 2954 apud
289 2857 574 2932 Burmannmn.
659 2856 753 2933 Fuit
798 2884 891 2933 cum
933 2852 1139 2959 affulgeret

125 2984 221 3088 spes
265 2989 384 3063 etiam
427 2989 637 3067 Leidenses
678 2992 882 3071 thesauros
930 2997 975 3069 in
1017 2992 1137 3069 usum

136 3120 327 3202 editionis
363 3148 473 3223 meae
512 3128 785 3213 convertendi,
866 3128 1137 3205 Rutmkentus

137 3260 246 3334 enim
284 3260 332 3337 in
376 3260 501 3335 literis
540 3258 641 3339 datis
685 3261 735 3337 ad
775 3289 840 3338 me
879 3261 916 3337 d.
954 3287 1017 3338 ao.
1052 3266 1135 3339 Oct.

141 3412 260 3483 1793.
347 3394 653 3483 „Bibliotheca“
691 3400 745 3471 ait
792 3395 1023 3488 „Leideusts
1061 3399 1137 3472 tibi

136 3540 219 3614 „tot
257 3551 300 3599 ac
338 3543 444 3603 tanta
479 3533 539 3605 rei
572 3532 674 3606 bene
712 3531 906 3632 gerendae
946 3531 1136 3633 praesidia

136 3656 446 3759 ,suppeditabit,
475 3679 521 3738 ut
541 3681 737 3763 praeterea
767 3669 932 3741 nonita
960 3672 1135 3745 multum

135 3794 448 3892 „requirendum
471 3795 665 3873 videatur.
725 3802 833 3874 Nam
862 3799 948 3899 post
979 3802 1134 3879 editum

91 3918 182 4019 J-„u
203 3932 431 4008 Burmamro
450 3935 746 4039 Quintilianum
774 3937 818 4009 in
845 3936 1133 4013 Bibliothecam
