2596 4710
296 288 417 358 INST.
444 290 651 362 ORATOR.
675 293 765 362 LIB.
788 295 835 382 Π,
860 305 896 384 4.
1007 284 1096 388 ⁴'273

23 474 27 480 ’
96 475 222 564 illud,
253 478 365 576 quod
389 478 610 577 ethiopia,
643 478 960 579 quumquodex
983 485 1098 583 copia
1193 538 1198 561 .

98 597 220 668 venit.
286 596 390 667 Nam
427 595 470 668 in
501 596 635 694 pueris
667 595 792 670 orati'o
824 593 994 694 perfecta
1023 622 1097 675 nec

99 711 223 808 exigi,
257 733 330 781 nec
358 708 503 808 sperari
531 707 676 808 potest.
710 711 854 787 melior
883 728 1016 788 autem
1041 711 1098 795 est

99 825 255 900 iitdoles
288 825 405 913 laeta,
443 822 700 923 generosique
737 841 918 914 conatus,
956 843 995 901 et
1030 829 1097 902 vel

99 942 215 1040 plura
236 937 338 1031 justo
359 942 586 1068 concipiens
606 940 765 1013 interim
782 938 1002 1072 spiritus.
1009 944 1125 1017 Ne05

26 1078 278 1154 asnunquam
301 1079 365 1128 me
382 1057 423 1127 in
441 1055 503 1130 his
519 1052 701 1129 discentis
717 1058 829 1130 annis
845 1026 1037 1145 offendat,
1066 1056 1099 1132 st

97 1169 197 1269 quid
220 1168 468 1268 superfuerit
529 1172 637 1273 Quin
658 1166 747 1268 ipsis
771 1169 1000 1246 doctoribus
1018 1170 1097 1249 hoc¹

97 1280 172 1359 else
188 1310 303 1358 curae
321 1285 461 1371 velim,
480 1300 525 1357 ut
539 1301 688 1359 teneras
702 1284 832 1360 adhuc
846 1303 997 1362 mentes
1009 1301 1097 1363 mo·

98 1424 141 1475 re
166 1402 370 1474 nutricum
398 1401 561 1474 mollius
594 1401 714 1486 alant,
755 1415 793 1472 et
823 1396 951 1474 satiari
983 1401 1102 1478 velut

98 1514 273 1614 quodam
296 1515 546 1608 jucundioris
572 1512 800 1613 disciplinae
826 1517 923 1589 lacte
946 1517 1098 1615 patian-

97 1645 174 1705 tur.
231 1631 316 1703 Erit
333 1628 433 1704 illud
448 1632 606 1730 plenius
624 1631 785 1703 interim
800 1655 962 1729 corpus,
985 1630 1098 1732 quod

97 1770 193 1821 mox
210 1744 341 1820 adulta
356 1760 454 1819 aetas
471 1744 661 1843 astringat.
706 1747 809 1818 Hinc
825 1741 909 1844 spes
927 1746 1125 1822 roborim
1214 1813 1218 1825 ,
1240 1778 1242 1785 s

95 1862 269 1938 Maciem
292 1885 463 1957 natuque
486 1877 523 1934 et
545 1857 813 1934 infirmitatem
833 1862 878 1935 in
896 1858 1099 1959 posterum

97 1977 244 2053 minari
271 1972 369 2050 solet
395 1979 578 2074 protinus
605 1975 791 2049 omnibus
813 1975 1001 2050 membris
1032 2001 1100 2053 ex·

96 2087 246 2193 pressus
275 2088 416 2165 infans.
475 2089 628 2165 Audeat
659 2089 754 2161 haec
777 2103 877 2163 aetas
896 2090 1030 2189 plura,
1058 2105 1100 2165 et
1208 2160 1211 2165 ,

97 2207 296 2294 inveniat,
332 2221 371 2279 et
396 2207 569 2280 inventis
596 2202 780 2302 gaudeat,
816 2201 890 2277 srnt
912 2204 1004 2278 licet
1027 2205 1099 2281 illu

97 2319 282 2398 nonsatis
298 2322 457 2394 interim
476 2317 568 2394 steca
586 2336 624 2392 et
641 2317 782 2393 severa
827 2320 954 2393 Facile
973 2320 1099 2421 reine-

98 2436 215 2512 dium
234 2433 287 2508 est
308 2436 515 2511 ubertatis:
548 2432 689 2507 sterilia
715 2436 829 2509 nullo
851 2435 986 2510 labore
1000 2424 1098 2509 'vin-

98 2568 255 2626 cuntnr.
312 2552 382 2623 llla
397 2551 500 2625 milti
519 2551 563 2625 in
580 2551 714 2648 pueris
729 2565 868 2623 natura
881 2552 1123 2629 minimum7

96 2664 180 2765 spei
208 2664 379 2753 dederit,
407 2667 450 2739 in
474 2689 552 2764 qua
577 2667 784 2762 ingenium
812 2664 963 2756 judicio
987 2690 1099 2765 prae-

96 2778 278 2856 sumitur.
346 2783 555 2854 Materiam
589 2777 663 2852 ell'e
698 2780 874 2877 primum
904 2780 1000 2855 volo
1030 2780 1098 2856 vel

97 2895 428 2972 abundantiorem
456 2910 573 2994 atque
600 2894 722 2982 ultra,
753 2919 872 2993 quam
901 2896 1104 2994 oporteat,¹

96 3128 250 3185 utrumque
264 3110 432 3182 adjectivum
455 3107 557 3181 lasciva
572 3107 710 3179 adjectivo
727 3109 805 3161 arida
821 3107 926 3182 opponi
944 3109 1038 3183 potius
1051 3128 1100 3165 ex·

96 3213 204 3274 pectet.
226 3215 308 3270 quam
324 3196 443 3250 verbum
458 3193 596 3269 lasciviat,
617 3192 857 3301 atijeetivo'aridu.

139 3382 299 3455 plenius-
317 3400 420 3453 corpus.
446 3382 578 3456 Jungoet
618 3376 707 3438 „niae
721 3375 814 3431 minut
833 3375 888 3450 spei
902 3375 946 3437 ed.
976 3375 1031 3439 Illi,
1045 3379 1096 3453 qui

97 3467 250 3536 subjectum
282 3464 360 3518 simul
389 3466 476 3525 facitu
520 3482 575 3515 uon
619 3475 745 3521 „tument
775 3474 801 3513 et
832 3460 997 3514 abnndantia
1024 3461 1097 3517 labo-

96 3552 218 3627 plenius,
234 3536 430 3621 praedicatum.
472 3547 515 3600 nti
531 3566 577 3599 au·
618 3560 711 3604 „rann
730 3543 791 3617 plus
809 3542 908 3596 liabent
923 3545 1037 3607 suroris,
1052 3547 1096 3603 sed

98 3651 155 3690 tem
170 3634 273 3705 plenius
289 3653 384 3700 corpus
398 3630 513 3703 puerilia
528 3628 577 3684 illa
618 3628 699 3703 „plus
715 3629 797 3681 etiam
812 3631 959 3698 corporitr‘

96 3717 219 3776 obesitas.
231 3718 307 3769 succo
323 3714 576 3786 abutulauuquam,
659 3711 813 3788 eapnffut,
834 3710 885 3765 ubi
902 3726 980 3766 artua
996 3711 1097 3791 singuli
1133 3755 1139 3767 .

95 3801 238 3875 frequenti
255 3800 328 3872 apud
350 3799 474 3853 rhetores
490 3814 576 3853 traua·
616 3812 764 3870 apparent,
783 3813 873 3868 neque
893 3796 994 3876 pingui
1015 3816 1095 3853 curuo
1137 3850 1150 3873 0

96 3887 165 3943 lutto
148 3905 216 3945 o.ue
246 3885 295 3937 libi
316 3882 375 3936 dari
399 3898 496 3956 optant
519 3902 575 3936 ma·
616 3881 794 3934 amiciuntur

95 3972 173 4049 gistri
193 3968 366 4040 eloquentiae
387 3967 473 4029 οῖ’-2,
493 3979 573 4034 ιι.)5
658 3966 867 4020 Materiam·-
828 3980 1004 4038 -Mrumpat
1046 3967 1096 4020 Fa·

94 4071 124 4113 et
150 4059 248 4109 Seneca
272 4051 342 4105 rhet.
366 4069 393 4125 p.
417 4052 477 4125 llip.
501 4062 572 4120 285.
616 4063 677 4104 teor
695 4047 835 4121 displicere
852 4047 924 4101 milti
945 4050 1016 4103 liano
1037 4064 1094 4105 tatu

91 4141 142 4203 ..iu
164 4139 199 4192 iia
221 4152 322 4196 etum,
350 4136 487 4191 siminus
505 4136 575 4192 tut·-
615 4132 779 4213 diligentem
792 4130 1011 4196 similitudinem.
1025 4150 1098 4208 quae

137 4224 255 4281 Tomi.
