<?xml version="1.0" encoding="UTF-8"?>
<!DOCTYPE html PUBLIC "-//W3C//DTD XHTML 1.0 Transitional//EN"
    "http://www.w3.org/TR/xhtml1/DTD/xhtml1-transitional.dtd">
<html xmlns="http://www.w3.org/1999/xhtml" xml:lang="en" lang="en">
 <head>
  <title>
</title>
<meta http-equiv="Content-Type" content="text/html;charset=utf-8" />
  <meta name='ocr-system' content='tesseract 3.04.00' />
  <meta name='ocr-capabilities' content='ocr_page ocr_carea ocr_par ocr_line ocrx_word'/>
</head>
<body>
  <div class='ocr_page' id='page_1' title='image "./deinstitutioneo07quingoog_0476.png"; bbox 0 0 2596 4710; ppageno 0'>
   <div class='ocr_carea' id='block_1_1' title="bbox 312 330 1127 427">
    <p class='ocr_par' dir='ltr' id='par_1_1' title="bbox 312 330 1127 427">
     <span class='ocr_line' id='line_1_1' title="bbox 312 330 1127 427; baseline 0.026 -28"><span class='ocrx_word' id='word_1_1' title='bbox 312 330 670 402; x_wconf 67' lang='lat' dir='ltr'>1Ns&#39;r.0uATOP·.</span> <span class='ocrx_word' id='word_1_2' title='bbox 694 332 946 422; x_wconf 77' lang='lat' dir='ltr'>Lm.11,17.</span> <span class='ocrx_word' id='word_1_3' title='bbox 1010 344 1015 355; x_wconf 90' lang='lat'>&#39;</span> <span class='ocrx_word' id='word_1_4' title='bbox 1054 347 1127 427; x_wconf 73' lang='lat'>379</span> 
     </span>
    </p>
   </div>
   <div class='ocr_carea' id='block_1_2' title="bbox 127 521 1176 2118">
    <p class='ocr_par' dir='ltr' id='par_1_2' title="bbox 127 521 1176 2118">
     <span class='ocr_line' id='line_1_2' title="bbox 127 521 1129 619; baseline -0.001 -22"><span class='ocrx_word' id='word_1_5' title='bbox 127 522 235 597; x_wconf 87' lang='lat' dir='ltr'>inter</span> <span class='ocrx_word' id='word_1_6' title='bbox 254 524 436 611; x_wconf 80' lang='lat' dir='ltr'>juvenes,</span> <span class='ocrx_word' id='word_1_7' title='bbox 465 522 715 596; x_wconf 84' lang='lat' dir='ltr'><strong>invenimus:</strong></span> <span class='ocrx_word' id='word_1_8' title='bbox 746 523 847 619; x_wconf 88' lang='lat' dir='ltr'>quin</span> <span class='ocrx_word' id='word_1_9' title='bbox 869 523 913 595; x_wconf 89' lang='lat' dir='ltr'>in</span> <span class='ocrx_word' id='word_1_10' title='bbox 937 521 1129 597; x_wconf 85' lang='lat' dir='ltr'>caelatura</span> 
     </span>
     <span class='ocr_line' id='line_1_3' title="bbox 129 634 1154 735; baseline 0.001 -24"><span class='ocrx_word' id='word_1_11' title='bbox 129 637 265 735; x_wconf 84' lang='lat' dir='ltr'>clypei</span> <span class='ocrx_word' id='word_1_12' title='bbox 282 636 447 708; x_wconf 82' lang='lat' dir='ltr'>Achillis</span> <span class='ocrx_word' id='word_1_13' title='bbox 470 653 509 709; x_wconf 91' lang='lat' dir='ltr'>et</span> <span class='ocrx_word' id='word_1_14' title='bbox 526 638 612 711; x_wconf 87' lang='lat' dir='ltr'>lites</span> <span class='ocrx_word' id='word_1_15' title='bbox 630 634 722 711; x_wconf 87' lang='lat' dir='ltr'>lunt</span> <span class='ocrx_word' id='word_1_16' title='bbox 751 653 790 709; x_wconf 91' lang='lat' dir='ltr'>et</span> <span class='ocrx_word' id='word_1_17' title='bbox 812 652 969 712; x_wconf 86' lang='lat' dir='ltr'>actores.</span> <span class='ocrx_word' id='word_1_18' title='bbox 1010 636 1154 726; x_wconf 59' lang='lat' dir='ltr'>,Illud9</span> 
     </span>
     <span class='ocr_line' id='line_1_4' title="bbox 130 745 1131 860; baseline 0 -35"><span class='ocrx_word' id='word_1_19' title='bbox 130 750 345 826; x_wconf 84' lang='lat' dir='ltr'>admonere</span> <span class='ocrx_word' id='word_1_20' title='bbox 364 748 451 825; x_wconf 83' lang='lat' dir='ltr'>satis</span> <span class='ocrx_word' id='word_1_21' title='bbox 473 749 545 839; x_wconf 87' lang='lat' dir='ltr'>est,</span> <span class='ocrx_word' id='word_1_22' title='bbox 569 757 713 838; x_wconf 79' lang='lat' dir='ltr'>omnia,</span> <span class='ocrx_word' id='word_1_23' title='bbox 742 779 843 849; x_wconf 78' lang='lat' dir='ltr'>quae</span> <span class='ocrx_word' id='word_1_24' title='bbox 868 778 933 828; x_wconf 82' lang='lat' dir='ltr'>ars</span> <span class='ocrx_word' id='word_1_25' title='bbox 959 745 1131 860; x_wconf 81' lang='lat' dir='ltr'>consum·</span> 
     </span>
     <span class='ocr_line' id='line_1_5' title="bbox 130 860 1132 978; baseline -0.003 -37"><span class='ocrx_word' id='word_1_26' title='bbox 130 870 318 952; x_wconf 71' lang='lat' dir='ltr'>mnam-tt,</span> <span class='ocrx_word' id='word_1_27' title='bbox 349 893 376 938; x_wconf 82' lang='lat' dir='ltr'>a</span> <span class='ocrx_word' id='word_1_28' title='bbox 399 883 540 940; x_wconf 76' lang='lat' dir='ltr'>ruitum</span> <span class='ocrx_word' id='word_1_29' title='bbox 565 872 673 940; x_wconf 79' lang='lat' dir='ltr'>initia</span> <span class='ocrx_word' id='word_1_30' title='bbox 695 860 857 978; x_wconf 79' lang='lat' dir='ltr'>cluxiffe.</span> <span class='ocrx_word' id='word_1_31' title='bbox 915 871 996 942; x_wconf 81' lang='lat' dir='ltr'>Aut</span> <span class='ocrx_word' id='word_1_32' title='bbox 1018 868 1132 943; x_wconf 82' lang='lat' dir='ltr'>tolla·</span> 
     </span>
     <span class='ocr_line' id='line_1_6' title="bbox 129 980 1132 1079; baseline 0.002 -24"><span class='ocrx_word' id='word_1_33' title='bbox 129 998 199 1057; x_wconf 82' lang='lat' dir='ltr'>tur</span> <span class='ocrx_word' id='word_1_34' title='bbox 213 983 415 1066; x_wconf 80' lang='lat' dir='ltr'>medicina,</span> <span class='ocrx_word' id='word_1_35' title='bbox 434 1008 532 1079; x_wconf 83' lang='lat' dir='ltr'>quae</span> <span class='ocrx_word' id='word_1_36' title='bbox 550 1006 598 1055; x_wconf 83' lang='lat' dir='ltr'>ex</span> <span class='ocrx_word' id='word_1_37' title='bbox 614 980 887 1057; x_wconf 85' lang='lat' dir='ltr'>observatione</span> <span class='ocrx_word' id='word_1_38' title='bbox 903 980 1132 1070; x_wconf 84' lang='lat' dir='ltr'>salubrium,</span> 
     </span>
     <span class='ocr_line' id='line_1_7' title="bbox 131 1096 1133 1196; baseline 0.003 -26"><span class='ocrx_word' id='word_1_39' title='bbox 131 1112 250 1196; x_wconf 84' lang='lat' dir='ltr'>atque</span> <span class='ocrx_word' id='word_1_40' title='bbox 278 1096 341 1170; x_wconf 87' lang='lat' dir='ltr'>his</span> <span class='ocrx_word' id='word_1_41' title='bbox 367 1099 675 1186; x_wconf 81' lang='lat' dir='ltr'>contrariorum,</span> <span class='ocrx_word' id='word_1_42' title='bbox 708 1113 861 1195; x_wconf 86' lang='lat' dir='ltr'>reperta</span> <span class='ocrx_word' id='word_1_43' title='bbox 886 1096 960 1184; x_wconf 87' lang='lat' dir='ltr'>est,</span> <span class='ocrx_word' id='word_1_44' title='bbox 995 1114 1051 1186; x_wconf 88' lang='lat' dir='ltr'>et,</span> <span class='ocrx_word' id='word_1_45' title='bbox 1087 1114 1133 1173; x_wconf 91' lang='lat' dir='ltr'>ut</span> 
     </span>
     <span class='ocr_line' id='line_1_8' title="bbox 132 1210 1131 1314; baseline 0.001 -29"><span class='ocrx_word' id='word_1_46' title='bbox 132 1210 374 1311; x_wconf 84' lang='lat' dir='ltr'>quibusdam</span> <span class='ocrx_word' id='word_1_47' title='bbox 392 1213 537 1309; x_wconf 84' lang='lat' dir='ltr'>placet,</span> <span class='ocrx_word' id='word_1_48' title='bbox 572 1229 653 1288; x_wconf 85' lang='lat' dir='ltr'>tota</span> <span class='ocrx_word' id='word_1_49' title='bbox 675 1213 822 1289; x_wconf 77' lang='lat' dir='ltr'>constat</span> <span class='ocrx_word' id='word_1_50' title='bbox 842 1214 1131 1314; x_wconf 69' lang='lat' dir='ltr'>eiperimentis.</span> 
     </span>
     <span class='ocr_line' id='line_1_9' title="bbox 132 1327 1135 1427; baseline 0 -25"><span class='ocrx_word' id='word_1_51' title='bbox 132 1352 227 1403; x_wconf 86' lang='lat' dir='ltr'>uam</span> <span class='ocrx_word' id='word_1_52' title='bbox 262 1342 301 1399; x_wconf 88' lang='lat' dir='ltr'>et</span> <span class='ocrx_word' id='word_1_53' title='bbox 336 1329 487 1402; x_wconf 80' lang='lat' dir='ltr'>vulnus</span> <span class='ocrx_word' id='word_1_54' title='bbox 522 1327 712 1426; x_wconf 83' lang='lat' dir='ltr'>deligavit</span> <span class='ocrx_word' id='word_1_55' title='bbox 747 1329 890 1427; x_wconf 85' lang='lat' dir='ltr'>aliquis</span> <span class='ocrx_word' id='word_1_56' title='bbox 924 1344 1135 1426; x_wconf 84' lang='lat' dir='ltr'>antequam</span> 
     </span>
     <span class='ocr_line' id='line_1_10' title="bbox 132 1438 1134 1542; baseline -0.001 -25"><span class='ocrx_word' id='word_1_57' title='bbox 132 1443 230 1517; x_wconf 85' lang='lat' dir='ltr'>haec</span> <span class='ocrx_word' id='word_1_58' title='bbox 246 1467 307 1517; x_wconf 84' lang='lat' dir='ltr'>ars</span> <span class='ocrx_word' id='word_1_59' title='bbox 323 1438 430 1515; x_wconf 84' lang='lat' dir='ltr'>cllet:</span> <span class='ocrx_word' id='word_1_60' title='bbox 462 1458 500 1515; x_wconf 88' lang='lat' dir='ltr'>et</span> <span class='ocrx_word' id='word_1_61' title='bbox 518 1440 672 1518; x_wconf 84' lang='lat' dir='ltr'>febrem</span> <span class='ocrx_word' id='word_1_62' title='bbox 687 1446 820 1542; x_wconf 89' lang='lat' dir='ltr'>quiete</span> <span class='ocrx_word' id='word_1_63' title='bbox 836 1459 875 1517; x_wconf 90' lang='lat' dir='ltr'>et</span> <span class='ocrx_word' id='word_1_64' title='bbox 892 1442 1134 1530; x_wconf 86' lang='lat' dir='ltr'>abstinentia,</span> 
     </span>
     <span class='ocr_line' id='line_1_11' title="bbox 133 1555 1136 1659; baseline -0.002 -26"><span class='ocrx_word' id='word_1_65' title='bbox 133 1584 219 1633; x_wconf 85' lang='lat' dir='ltr'>nou</span> <span class='ocrx_word' id='word_1_66' title='bbox 242 1558 336 1654; x_wconf 85' lang='lat' dir='ltr'>quia</span> <span class='ocrx_word' id='word_1_67' title='bbox 358 1560 552 1659; x_wconf 77' lang='lat' dir='ltr'>raticnem</span> <span class='ocrx_word' id='word_1_68' title='bbox 565 1558 744 1646; x_wconf 83' lang='lat' dir='ltr'>videbat,</span> <span class='ocrx_word' id='word_1_69' title='bbox 773 1555 841 1633; x_wconf 88' lang='lat' dir='ltr'>sed</span> <span class='ocrx_word' id='word_1_70' title='bbox 859 1559 954 1657; x_wconf 85' lang='lat' dir='ltr'>quia</span> <span class='ocrx_word' id='word_1_71' title='bbox 968 1557 1012 1632; x_wconf 90' lang='lat' dir='ltr'>id</span> <span class='ocrx_word' id='word_1_72' title='bbox 1029 1560 1136 1632; x_wconf 84' lang='lat' dir='ltr'>vale·</span> 
     </span>
     <span class='ocr_line' id='line_1_12' title="bbox 134 1669 1176 1779; baseline -0.002 -32"><span class='ocrx_word' id='word_1_73' title='bbox 134 1670 236 1748; x_wconf 86' lang='lat' dir='ltr'>tudo</span> <span class='ocrx_word' id='word_1_74' title='bbox 265 1669 345 1771; x_wconf 81' lang='lat' dir='ltr'>ipsa</span> <span class='ocrx_word' id='word_1_75' title='bbox 372 1679 566 1772; x_wconf 68' lang='lat' dir='ltr'>coegerat,</span> <span class='ocrx_word' id='word_1_76' title='bbox 600 1675 806 1777; x_wconf 83' lang='lat' dir='ltr'>mitigavit.</span> <span class='ocrx_word' id='word_1_77' title='bbox 862 1675 950 1747; x_wconf 89' lang='lat' dir='ltr'>Nec</span> <span class='ocrx_word' id='word_1_78' title='bbox 969 1669 1176 1779; x_wconf 63' lang='lat' dir='ltr'>fabricari</span> 
     </span>
     <span class='ocr_line' id='line_1_13' title="bbox 134 1784 1138 1887; baseline 0 -24"><span class='ocrx_word' id='word_1_79' title='bbox 134 1785 183 1863; x_wconf 85' lang='lat' dir='ltr'>fit</span> <span class='ocrx_word' id='word_1_80' title='bbox 209 1812 286 1875; x_wconf 84' lang='lat' dir='ltr'>ars;</span> <span class='ocrx_word' id='word_1_81' title='bbox 327 1784 425 1862; x_wconf 84' lang='lat' dir='ltr'>casas</span> <span class='ocrx_word' id='word_1_82' title='bbox 454 1791 563 1865; x_wconf 89' lang='lat' dir='ltr'>enim</span> <span class='ocrx_word' id='word_1_83' title='bbox 589 1790 712 1887; x_wconf 87' lang='lat' dir='ltr'>primi</span> <span class='ocrx_word' id='word_1_84' title='bbox 738 1790 799 1863; x_wconf 90' lang='lat' dir='ltr'>illi</span> <span class='ocrx_word' id='word_1_85' title='bbox 825 1784 904 1863; x_wconf 85' lang='lat' dir='ltr'>fine</span> <span class='ocrx_word' id='word_1_86' title='bbox 931 1806 1011 1862; x_wconf 87' lang='lat' dir='ltr'>arte</span> <span class='ocrx_word' id='word_1_87' title='bbox 1034 1788 1138 1863; x_wconf 77' lang='lat' dir='ltr'>fece·</span> 
     </span>
     <span class='ocr_line' id='line_1_14' title="bbox 134 1898 1138 2010; baseline -0.002 -31"><span class='ocrx_word' id='word_1_88' title='bbox 134 1918 250 1979; x_wconf 74' lang='lat' dir='ltr'>nuit:</span> <span class='ocrx_word' id='word_1_89' title='bbox 280 1928 355 1976; x_wconf 89' lang='lat' dir='ltr'>nec</span> <span class='ocrx_word' id='word_1_90' title='bbox 383 1898 548 2010; x_wconf 82' lang='lat' dir='ltr'>mufica,·</span> <span class='ocrx_word' id='word_1_91' title='bbox 587 1919 764 1978; x_wconf 85' lang='lat' dir='ltr'>cantatur</span> <span class='ocrx_word' id='word_1_92' title='bbox 796 1930 845 1976; x_wconf 38' lang='lat' dir='ltr'>ac.</span> <span class='ocrx_word' id='word_1_93' title='bbox 872 1901 1031 1978; x_wconf 80' lang='lat' dir='ltr'>saltatur</span> <span class='ocrx_word' id='word_1_94' title='bbox 1066 1930 1138 2003; x_wconf 90' lang='lat' dir='ltr'>per</span> 
     </span>
     <span class='ocr_line' id='line_1_15' title="bbox 137 2015 1140 2118; baseline -0.002 -25"><span class='ocrx_word' id='word_1_95' title='bbox 137 2042 277 2094; x_wconf 87' lang='lat' dir='ltr'>omnes</span> <span class='ocrx_word' id='word_1_96' title='bbox 300 2033 434 2118; x_wconf 85' lang='lat' dir='ltr'>gentes</span> <span class='ocrx_word' id='word_1_97' title='bbox 453 2020 589 2117; x_wconf 90' lang='lat' dir='ltr'>aliquo</span> <span class='ocrx_word' id='word_1_98' title='bbox 606 2018 741 2093; x_wconf 89' lang='lat' dir='ltr'>modo.</span> <span class='ocrx_word' id='word_1_99' title='bbox 799 2022 873 2105; x_wconf 86' lang='lat' dir='ltr'>Ita,</span> <span class='ocrx_word' id='word_1_100' title='bbox 904 2015 932 2091; x_wconf 85' lang='lat' dir='ltr'>fi</span> <span class='ocrx_word' id='word_1_101' title='bbox 953 2018 1140 2094; x_wconf 81' lang='lat' dir='ltr'>rhetorice</span> 
     </span>
    </p>
   </div>
   <div class='ocr_carea' id='block_1_3' title="bbox 135 2272 1146 3196">
    <p class='ocr_par' dir='ltr' id='par_1_3' title="bbox 135 2272 1146 3196">
     <span class='ocr_line' id='line_1_16' title="bbox 201 2272 1141 2353; baseline -0.003 -22"><span class='ocrx_word' id='word_1_102' title='bbox 201 2280 264 2353; x_wconf 77' lang='lat' dir='ltr'>quin</span> <span class='ocrx_word' id='word_1_103' title='bbox 278 2279 305 2332; x_wconf 87' lang='grc' dir='ltr'>ἰιι</span> <span class='ocrx_word' id='word_1_104' title='bbox 319 2278 462 2331; x_wconf 78' lang='lat' dir='ltr'>caelatura.</span> <span class='ocrx_word' id='word_1_105' title='bbox 484 2275 576 2333; x_wconf 82' lang='lat' dir='ltr'>Gucll.</span> <span class='ocrx_word' id='word_1_106' title='bbox 593 2290 621 2329; x_wconf 83' lang='lat' dir='ltr'>et</span> <span class='ocrx_word' id='word_1_107' title='bbox 629 2275 724 2331; x_wconf 88' lang='lat' dir='ltr'>Turic.</span> <span class='ocrx_word' id='word_1_108' title='bbox 733 2279 760 2330; x_wconf 82' lang='lat' dir='ltr'>iu</span> <span class='ocrx_word' id='word_1_109' title='bbox 769 2273 906 2328; x_wconf 84' lang='lat' dir='ltr'>omittunt</span> <span class='ocrx_word' id='word_1_110' title='bbox 921 2292 983 2326; x_wconf 88' lang='lat' dir='ltr'>cum</span> <span class='ocrx_word' id='word_1_111' title='bbox 1000 2272 1141 2347; x_wconf 82' lang='lat' dir='ltr'>plerisque</span> 
     </span>
     <span class='ocr_line' id='line_1_17' title="bbox 137 2358 1142 2435; baseline -0.005 -18"><span class='ocrx_word' id='word_1_112' title='bbox 137 2358 229 2417; x_wconf 84' lang='lat' dir='ltr'>codd.</span> <span class='ocrx_word' id='word_1_113' title='bbox 250 2362 352 2416; x_wconf 82' lang='lat' dir='ltr'>Utrum</span> <span class='ocrx_word' id='word_1_114' title='bbox 363 2360 449 2416; x_wconf 85' lang='lat' dir='ltr'>Goth.</span> <span class='ocrx_word' id='word_1_115' title='bbox 459 2360 557 2414; x_wconf 78' lang='lat' dir='ltr'>lrabeat</span> <span class='ocrx_word' id='word_1_116' title='bbox 570 2380 663 2435; x_wconf 87' lang='lat' dir='ltr'>praep.</span> <span class='ocrx_word' id='word_1_117' title='bbox 674 2380 757 2414; x_wconf 82' lang='lat' dir='ltr'>necne</span> <span class='ocrx_word' id='word_1_118' title='bbox 769 2378 827 2411; x_wconf 87' lang='lat' dir='ltr'>non</span> <span class='ocrx_word' id='word_1_119' title='bbox 841 2358 973 2420; x_wconf 79' lang='lat' dir='ltr'>memiui3</span> <span class='ocrx_word' id='word_1_120' title='bbox 992 2360 1071 2413; x_wconf 80' lang='lat' dir='ltr'>Gelu.</span> <span class='ocrx_word' id='word_1_121' title='bbox 1080 2358 1142 2431; x_wconf 86' lang='lat' dir='ltr'>qui-</span> 
     </span>
     <span class='ocr_line' id='line_1_18' title="bbox 136 2441 1143 2499; baseline -0.002 -1"><span class='ocrx_word' id='word_1_122' title='bbox 136 2444 203 2498; x_wconf 83' lang='lat' dir='ltr'>dem</span> <span class='ocrx_word' id='word_1_123' title='bbox 217 2444 258 2497; x_wconf 88' lang='lat' dir='ltr'>nil</span> <span class='ocrx_word' id='word_1_124' title='bbox 272 2448 391 2499; x_wconf 85' lang='lat' dir='ltr'>monuit.</span> <span class='ocrx_word' id='word_1_125' title='bbox 434 2445 484 2498; x_wconf 83' lang='lat' dir='ltr'>Sed</span> <span class='ocrx_word' id='word_1_126' title='bbox 501 2462 603 2498; x_wconf 80' lang='lat' dir='ltr'>vereor</span> <span class='ocrx_word' id='word_1_127' title='bbox 618 2459 649 2497; x_wconf 94' lang='lat' dir='ltr'>ut</span> <span class='ocrx_word' id='word_1_128' title='bbox 663 2445 729 2498; x_wconf 81' lang='lat' dir='ltr'>allis.</span> <span class='ocrx_word' id='word_1_129' title='bbox 772 2443 926 2499; x_wconf 80' lang='lat' dir='ltr'>Britannici</span> <span class='ocrx_word' id='word_1_130' title='bbox 941 2442 1030 2499; x_wconf 80' lang='lat' dir='ltr'>codd.</span> <span class='ocrx_word' id='word_1_131' title='bbox 1040 2441 1143 2497; x_wconf 79' lang='lat' dir='ltr'>habent</span> 
     </span>
     <span class='ocr_line' id='line_1_19' title="bbox 138 2526 1142 2608; baseline -0.003 -25"><span class='ocrx_word' id='word_1_132' title='bbox 138 2547 217 2589; x_wconf 77' lang='lat' dir='ltr'>eam.</span> <span class='ocrx_word' id='word_1_133' title='bbox 238 2532 257 2583; x_wconf 84' lang='lat' dir='ltr'>li</span> <span class='ocrx_word' id='word_1_134' title='bbox 279 2531 396 2608; x_wconf 71' lang='lat' dir='ltr'>diligens</span> <span class='ocrx_word' id='word_1_135' title='bbox 418 2529 454 2581; x_wconf 85' lang='lat' dir='ltr'>eli</span> <span class='ocrx_word' id='word_1_136' title='bbox 477 2528 593 2584; x_wconf 85' lang='lat' dir='ltr'>Gibloni</span> <span class='ocrx_word' id='word_1_137' title='bbox 616 2527 764 2584; x_wconf 85' lang='lat' dir='ltr'>lilentium.</span> <span class='ocrx_word' id='word_1_138' title='bbox 807 2527 837 2582; x_wconf 86' lang='lat' dir='ltr'>Si</span> <span class='ocrx_word' id='word_1_139' title='bbox 851 2526 918 2581; x_wconf 78' lang='lat' dir='ltr'>Aldi</span> <span class='ocrx_word' id='word_1_140' title='bbox 934 2528 970 2581; x_wconf 84' lang='lat' dir='ltr'>est</span> <span class='ocrx_word' id='word_1_141' title='bbox 986 2529 1142 2599; x_wconf 82' lang='lat' dir='ltr'>conjectura</span> 
     </span>
     <span class='ocr_line' id='line_1_20' title="bbox 139 2608 1142 2689; baseline -0.005 -20"><span class='ocrx_word' id='word_1_142' title='bbox 139 2616 168 2669; x_wconf 81' lang='lat' dir='ltr'>in</span> <span class='ocrx_word' id='word_1_143' title='bbox 188 2612 245 2667; x_wconf 86' lang='lat' dir='ltr'>hoc</span> <span class='ocrx_word' id='word_1_144' title='bbox 257 2616 466 2689; x_wconf 80' lang='lat' dir='ltr'>interpolitum‚</span> <span class='ocrx_word' id='word_1_145' title='bbox 486 2614 624 2667; x_wconf 78' lang='lat' dir='ltr'>verillima</span> <span class='ocrx_word' id='word_1_146' title='bbox 639 2615 674 2667; x_wconf 90' lang='lat' dir='ltr'>est</span> <span class='ocrx_word' id='word_1_147' title='bbox 689 2612 745 2667; x_wconf 77' lang='lat' dir='ltr'>illa.</span> <span class='ocrx_word' id='word_1_148' title='bbox 870 2612 944 2665; x_wconf 74' lang='lat' dir='ltr'>mad</span> <span class='ocrx_word' id='word_1_149' title='bbox 955 2612 1026 2666; x_wconf 76' lang='lat' dir='ltr'>adm.</span> <span class='ocrx_word' id='word_1_150' title='bbox 1047 2608 1142 2665; x_wconf 77' lang='lat' dir='ltr'>Guelf.</span> 
     </span>
     <span class='ocr_line' id='line_1_21' title="bbox 137 2695 1142 2769; baseline -0.004 -18"><span class='ocrx_word' id='word_1_151' title='bbox 137 2697 237 2752; x_wconf 77' lang='lat' dir='ltr'>inserit</span> <span class='ocrx_word' id='word_1_152' title='bbox 257 2704 325 2754; x_wconf 84' lang='lat' dir='ltr'>enim</span> <span class='ocrx_word' id='word_1_153' title='bbox 348 2719 411 2752; x_wconf 84' lang='lat' dir='ltr'>cum</span> <span class='ocrx_word' id='word_1_154' title='bbox 434 2698 528 2752; x_wconf 90' lang='lat' dir='ltr'>Turic.</span> <span class='ocrx_word' id='word_1_155' title='bbox 554 2697 638 2751; x_wconf 87' lang='lat' dir='ltr'>Goth.</span> <span class='ocrx_word' id='word_1_156' title='bbox 662 2713 690 2751; x_wconf 85' lang='lat' dir='ltr'>et</span> <span class='ocrx_word' id='word_1_157' title='bbox 711 2699 782 2756; x_wconf 82' lang='lat' dir='ltr'>Jenl.</span> <span class='ocrx_word' id='word_1_158' title='bbox 803 2698 874 2767; x_wconf 77' lang='lat' dir='ltr'>(tac.</span> <span class='ocrx_word' id='word_1_159' title='bbox 892 2697 987 2769; x_wconf 84' lang='lat' dir='ltr'>Gcln.)</span> <span class='ocrx_word' id='word_1_160' title='bbox 1010 2710 1037 2748; x_wconf 85' lang='lat' dir='ltr'>ct</span> <span class='ocrx_word' id='word_1_161' title='bbox 1053 2695 1142 2749; x_wconf 80' lang='lat' dir='ltr'>codd.</span> 
     </span>
     <span class='ocr_line' id='line_1_22' title="bbox 139 2778 1143 2857; baseline -0.001 -24"><span class='ocrx_word' id='word_1_162' title='bbox 139 2780 296 2857; x_wconf 80' lang='lat' dir='ltr'>plerisque,</span> <span class='ocrx_word' id='word_1_163' title='bbox 325 2783 387 2835; x_wconf 89' lang='lat' dir='ltr'>edd.</span> <span class='ocrx_word' id='word_1_164' title='bbox 414 2798 507 2835; x_wconf 77' lang='lat' dir='ltr'>autem</span> <span class='ocrx_word' id='word_1_165' title='bbox 537 2797 598 2835; x_wconf 85' lang='lat' dir='ltr'>aute</span> <span class='ocrx_word' id='word_1_166' title='bbox 626 2782 734 2854; x_wconf 59' lang='lat' dir='ltr'>Gryph.</span> <span class='ocrx_word' id='word_1_167' title='bbox 758 2782 875 2853; x_wconf 66' lang='lat'>(1544)</span> <span class='ocrx_word' id='word_1_168' title='bbox 903 2780 973 2835; x_wconf 78' lang='lat' dir='ltr'>meis</span> <span class='ocrx_word' id='word_1_169' title='bbox 1002 2778 1143 2833; x_wconf 83' lang='lat' dir='ltr'>omnibus.</span> 
     </span>
     <span class='ocr_line' id='line_1_23' title="bbox 139 2862 1145 2938; baseline -0.003 -18"><span class='ocrx_word' id='word_1_170' title='bbox 139 2867 243 2938; x_wconf 80' lang='lat' dir='ltr'>Neque</span> <span class='ocrx_word' id='word_1_171' title='bbox 269 2868 390 2920; x_wconf 82' lang='lat' dir='ltr'>alienum</span> <span class='ocrx_word' id='word_1_172' title='bbox 412 2868 462 2926; x_wconf 79' lang='lat' dir='ltr'>est,</span> <span class='ocrx_word' id='word_1_173' title='bbox 491 2865 577 2919; x_wconf 81' lang='lat' dir='ltr'>modo</span> <span class='ocrx_word' id='word_1_174' title='bbox 598 2866 697 2919; x_wconf 79' lang='lat' dir='ltr'>reseras</span> <span class='ocrx_word' id='word_1_175' title='bbox 716 2865 749 2918; x_wconf 81' lang='lat' dir='ltr'>ad</span> <span class='ocrx_word' id='word_1_176' title='bbox 772 2866 938 2925; x_wconf 78' lang='lat' dir='ltr'>laboramus,</span> <span class='ocrx_word' id='word_1_177' title='bbox 968 2862 1145 2917; x_wconf 81' lang='lat' dir='ltr'>transiliendo</span> 
     </span>
     <span class='ocr_line' id='line_1_24' title="bbox 139 2947 1144 3029; baseline 0 -28"><span class='ocrx_word' id='word_1_178' title='bbox 139 2949 315 3029; x_wconf 82' lang='lat' dir='ltr'>pateutlreliu</span> <span class='ocrx_word' id='word_1_179' title='bbox 330 2971 499 3028; x_wconf 80' lang='lat' dir='ltr'>..quanquam</span> <span class='ocrx_word' id='word_1_180' title='bbox 513 2980 554 2992; x_wconf 93' lang='lat'><em>-</em></span> <span class='ocrx_word' id='word_1_181' title='bbox 569 2960 698 3004; x_wconf 78' lang='lat' dir='ltr'>actores.“</span> <span class='ocrx_word' id='word_1_182' title='bbox 719 2949 842 3002; x_wconf 87' lang='lat' dir='ltr'>Sileutur</span> <span class='ocrx_word' id='word_1_183' title='bbox 858 2947 1144 3005; x_wconf 74' lang='lat' dir='ltr'>codd.ttal.v01s.1.</span> 
     </span>
     <span class='ocr_line' id='line_1_25' title="bbox 140 3032 1146 3108; baseline -0.006 -17"><span class='ocrx_word' id='word_1_184' title='bbox 140 3036 228 3091; x_wconf 85' lang='lat' dir='ltr'>Bctn.</span> <span class='ocrx_word' id='word_1_185' title='bbox 395 3033 621 3108; x_wconf 73' lang='lat' dir='ltr'>rousuuuuavcrit.</span> <span class='ocrx_word' id='word_1_186' title='bbox 644 3032 729 3088; x_wconf 85' lang='lat' dir='ltr'>Goth.</span> <span class='ocrx_word' id='word_1_187' title='bbox 747 3048 774 3086; x_wconf 82' lang='lat' dir='ltr'>et</span> <span class='ocrx_word' id='word_1_188' title='bbox 786 3034 803 3090; x_wconf 94' lang='lat' dir='ltr'>J</span> <span class='ocrx_word' id='word_1_189' title='bbox 806 3034 859 3087; x_wconf 76' lang='lat' dir='ltr'>etis.</span> <span class='ocrx_word' id='word_1_190' title='bbox 875 3032 949 3103; x_wconf 77' lang='lat' dir='ltr'>(tac.</span> <span class='ocrx_word' id='word_1_191' title='bbox 966 3032 1069 3101; x_wconf 77' lang='lat' dir='ltr'>Gelu.)</span> <span class='ocrx_word' id='word_1_192' title='bbox 1084 3049 1146 3085; x_wconf 80' lang='lat' dir='ltr'>con·</span> 
     </span>
     <span class='ocr_line' id='line_1_26' title="bbox 135 3117 617 3196; baseline -0.006 -22"><span class='ocrx_word' id='word_1_193' title='bbox 135 3118 255 3196; x_wconf 72' lang='lat' dir='ltr'>suniat-is</span> <span class='ocrx_word' id='word_1_194' title='bbox 271 3136 335 3173; x_wconf 87' lang='lat' dir='ltr'>cum</span> <span class='ocrx_word' id='word_1_195' title='bbox 349 3118 447 3174; x_wconf 84' lang='lat' dir='ltr'>multis</span> <span class='ocrx_word' id='word_1_196' title='bbox 462 3118 523 3172; x_wconf 86' lang='lat' dir='ltr'>edd.</span> <span class='ocrx_word' id='word_1_197' title='bbox 538 3117 617 3173; x_wconf 80' lang='lat' dir='ltr'>bene.</span> 
     </span>
    </p>
   </div>
   <div class='ocr_carea' id='block_1_4' title="bbox 142 3330 1152 4250">
    <p class='ocr_par' dir='ltr' id='par_1_4' title="bbox 142 3330 1146 3490">
     <span class='ocr_line' id='line_1_27' title="bbox 185 3330 1146 3409; baseline -0.006 -17"><span class='ocrx_word' id='word_1_198' title='bbox 185 3340 213 3392; x_wconf 82' lang='lat' dir='ltr'>in</span> <span class='ocrx_word' id='word_1_199' title='bbox 226 3336 370 3391; x_wconf 74' lang='lat' dir='ltr'>caelatura.</span> <span class='ocrx_word' id='word_1_200' title='bbox 391 3334 471 3391; x_wconf 70' lang='lat' dir='ltr'>Iliad.</span> <span class='ocrx_word' id='word_1_201' title='bbox 491 3344 545 3405; x_wconf 79' lang='lat'>18,</span> <span class='ocrx_word' id='word_1_202' title='bbox 563 3341 624 3409; x_wconf 79' lang='lat'>497</span> <span class='ocrx_word' id='word_1_203' title='bbox 667 3346 814 3404; x_wconf 82' lang='lat' dir='ltr'>..potamus</span> <span class='ocrx_word' id='word_1_204' title='bbox 836 3331 999 3385; x_wconf 79' lang='lat' dir='ltr'>monstravit</span> <span class='ocrx_word' id='word_1_205' title='bbox 1019 3330 1091 3385; x_wconf 87' lang='lat' dir='ltr'>Plin.</span> <span class='ocrx_word' id='word_1_206' title='bbox 1107 3333 1146 3386; x_wconf 85' lang='grc' dir='ltr'>Π.</span> 
     </span>
     <span class='ocr_line' id='line_1_28' title="bbox 142 3414 1146 3490; baseline -0.006 -15"><span class='ocrx_word' id='word_1_207' title='bbox 142 3450 185 3469; x_wconf 86' lang='grc'>-</span> <span class='ocrx_word' id='word_1_208' title='bbox 197 3430 270 3489; x_wconf 77' lang='lat'>508.</span> <span class='ocrx_word' id='word_1_209' title='bbox 667 3419 723 3477; x_wconf 87' lang='lat' dir='ltr'>„N.</span> <span class='ocrx_word' id='word_1_210' title='bbox 745 3427 778 3486; x_wconf 80' lang='lat'>8.</span> <span class='ocrx_word' id='word_1_211' title='bbox 796 3414 844 3471; x_wconf 69' lang='grc' dir='ltr'>αὖ.</span> <span class='ocrx_word' id='word_1_212' title='bbox 866 3420 892 3470; x_wconf 83' lang='grc'>8.</span> <span class='ocrx_word' id='word_1_213' title='bbox 909 3426 958 3488; x_wconf 79' lang='lat'>40.</span> <span class='ocrx_word' id='word_1_214' title='bbox 972 3436 999 3488; x_wconf 86' lang='lat' dir='ltr'>p.</span> <span class='ocrx_word' id='word_1_215' title='bbox 1016 3417 1078 3490; x_wconf 81' lang='lat' dir='ltr'>llip.</span> <span class='ocrx_word' id='word_1_216' title='bbox 1095 3430 1146 3489; x_wconf 76' lang='lat'>93.</span> 
     </span>
    </p>

    <p class='ocr_par' dir='ltr' id='par_1_5' title="bbox 143 3496 1152 4250">
     <span class='ocr_line' id='line_1_29' title="bbox 187 3496 1149 3579; baseline -0.006 -19"><span class='ocrx_word' id='word_1_217' title='bbox 187 3508 385 3578; x_wconf 76' lang='lat' dir='ltr'>experimentis.</span> <span class='ocrx_word' id='word_1_218' title='bbox 427 3508 573 3579; x_wconf 76' lang='lat' dir='ltr'>Apponsm</span> <span class='ocrx_word' id='word_1_219' title='bbox 590 3499 628 3554; x_wconf 83' lang='lat' dir='ltr'>le·</span> <span class='ocrx_word' id='word_1_220' title='bbox 667 3501 843 3561; x_wconf 79' lang='lat' dir='ltr'>„vomitione</span> <span class='ocrx_word' id='word_1_221' title='bbox 858 3519 945 3559; x_wconf 79' lang='lat' dir='ltr'>canes,</span> <span class='ocrx_word' id='word_1_222' title='bbox 962 3500 1073 3572; x_wconf 83' lang='lat' dir='ltr'>clystere</span> <span class='ocrx_word' id='word_1_223' title='bbox 1089 3496 1149 3554; x_wconf 83' lang='lat' dir='ltr'>ibes</span> 
     </span>
     <span class='ocr_line' id='line_1_30' title="bbox 143 3584 1148 3661; baseline -0.008 -16"><span class='ocrx_word' id='word_1_224' title='bbox 143 3606 194 3645; x_wconf 82' lang='lat' dir='ltr'>ctu</span> <span class='ocrx_word' id='word_1_225' title='bbox 217 3588 369 3661; x_wconf 76' lang='lat' dir='ltr'>jucundam</span> <span class='ocrx_word' id='word_1_226' title='bbox 384 3587 497 3645; x_wconf 82' lang='lat' dir='ltr'>Gelncri</span> <span class='ocrx_word' id='word_1_227' title='bbox 513 3602 626 3641; x_wconf 79' lang='lat' dir='ltr'>noum:</span> <span class='ocrx_word' id='word_1_228' title='bbox 668 3585 840 3661; x_wconf 78' lang='lat' dir='ltr'>„Aegyptiae</span> <span class='ocrx_word' id='word_1_229' title='bbox 858 3585 935 3656; x_wconf 84' lang='lat' dir='ltr'>prius</span> <span class='ocrx_word' id='word_1_230' title='bbox 953 3603 1038 3656; x_wconf 82' lang='lat' dir='ltr'>quarn</span> <span class='ocrx_word' id='word_1_231' title='bbox 1060 3584 1148 3639; x_wconf 83' lang='lat' dir='ltr'>homo</span> 
     </span>
     <span class='ocr_line' id='line_1_31' title="bbox 144 3668 1147 3742; baseline -0.007 -12"><span class='ocrx_word' id='word_1_232' title='bbox 144 3679 277 3737; x_wconf 77' lang='lat' dir='ltr'>„Poterat</span> <span class='ocrx_word' id='word_1_233' title='bbox 289 3673 407 3742; x_wconf 76' lang='lat' dir='ltr'>adjicere</span> <span class='ocrx_word' id='word_1_234' title='bbox 419 3671 529 3731; x_wconf 81' lang='lat' dir='ltr'>Fabius,</span> <span class='ocrx_word' id='word_1_235' title='bbox 550 3670 628 3724; x_wconf 87' lang='lat' dir='ltr'>lide-</span> <span class='ocrx_word' id='word_1_236' title='bbox 669 3671 748 3729; x_wconf 79' lang='lat' dir='ltr'>„ulae</span> <span class='ocrx_word' id='word_1_237' title='bbox 763 3671 821 3723; x_wconf 88' lang='lat' dir='ltr'>Cic.</span> <span class='ocrx_word' id='word_1_238' title='bbox 837 3668 869 3721; x_wconf 78' lang='lat' dir='ltr'>tle</span> <span class='ocrx_word' id='word_1_239' title='bbox 885 3683 940 3722; x_wconf 81' lang='lat' dir='ltr'>nat.</span> <span class='ocrx_word' id='word_1_240' title='bbox 956 3670 1042 3725; x_wconf 80' lang='lat' dir='ltr'>Deos.</span> <span class='ocrx_word' id='word_1_241' title='bbox 1058 3682 1147 3737; x_wconf 79' lang='lat' dir='ltr'>2,5o.</span> 
     </span>
     <span class='ocr_line' id='line_1_32' title="bbox 144 3751 1152 3831; baseline -0.006 -18"><span class='ocrx_word' id='word_1_242' title='bbox 144 3759 283 3821; x_wconf 78' lang='lat' dir='ltr'>..clamare</span> <span class='ocrx_word' id='word_1_243' title='bbox 299 3757 406 3811; x_wconf 81' lang='lat' dir='ltr'>animus</span> <span class='ocrx_word' id='word_1_244' title='bbox 418 3755 461 3811; x_wconf 89' lang='lat' dir='ltr'>illi</span> <span class='ocrx_word' id='word_1_245' title='bbox 475 3754 577 3815; x_wconf 77' lang='lat' dir='ltr'>inillet,</span> <span class='ocrx_word' id='word_1_246' title='bbox 592 3771 628 3808; x_wconf 83' lang='lat' dir='ltr'>ne</span> <span class='ocrx_word' id='word_1_247' title='bbox 669 3753 737 3814; x_wconf 79' lang='lat' dir='ltr'>„ubi</span> <span class='ocrx_word' id='word_1_248' title='bbox 757 3752 850 3826; x_wconf 84' lang='lat' dir='ltr'>plures</span> <span class='ocrx_word' id='word_1_249' title='bbox 873 3751 902 3805; x_wconf 78' lang='lat' dir='ltr'>id</span> <span class='ocrx_word' id='word_1_250' title='bbox 927 3770 1014 3831; x_wconf 80' lang='lat' dir='ltr'>genus</span> <span class='ocrx_word' id='word_1_251' title='bbox 1037 3753 1152 3807; x_wconf 80' lang='lat' dir='ltr'>medici·</span> 
     </span>
     <span class='ocr_line' id='line_1_33' title="bbox 145 3836 1151 3914; baseline -0.006 -17"><span class='ocrx_word' id='word_1_252' title='bbox 145 3842 441 3914; x_wconf 74' lang='lat' dir='ltr'>„hominumquiilem</span> <span class='ocrx_word' id='word_1_253' title='bbox 455 3840 508 3895; x_wconf 81' lang='lat' dir='ltr'>elle</span> <span class='ocrx_word' id='word_1_254' title='bbox 524 3836 631 3912; x_wconf 81' lang='lat' dir='ltr'>experi-</span> <span class='ocrx_word' id='word_1_255' title='bbox 670 3856 735 3899; x_wconf 83' lang='lat' dir='ltr'>„uas</span> <span class='ocrx_word' id='word_1_256' title='bbox 763 3852 975 3891; x_wconf 77' lang='lat' dir='ltr'>commemorat:</span> <span class='ocrx_word' id='word_1_257' title='bbox 1006 3836 1151 3913; x_wconf 88' lang='lat' dir='ltr'>copiolilli·</span> 
     </span>
     <span class='ocr_line' id='line_1_34' title="bbox 146 3920 1150 3997; baseline -0.005 -16"><span class='ocrx_word' id='word_1_258' title='bbox 146 3943 262 3989; x_wconf 78' lang='lat' dir='ltr'>„menta</span> <span class='ocrx_word' id='word_1_259' title='bbox 289 3927 399 3985; x_wconf 77' lang='lat' dir='ltr'>omnia.</span> <span class='ocrx_word' id='word_1_260' title='bbox 429 3924 472 3979; x_wconf 76' lang='lat' dir='ltr'>lerl</span> <span class='ocrx_word' id='word_1_261' title='bbox 493 3944 528 3977; x_wconf 86' lang='lat' dir='ltr'>ex</span> <span class='ocrx_word' id='word_1_262' title='bbox 551 3936 629 3997; x_wconf 79' lang='lat' dir='ltr'>parte</span> <span class='ocrx_word' id='word_1_263' title='bbox 671 3940 752 3982; x_wconf 78' lang='lat' dir='ltr'>„nius</span> <span class='ocrx_word' id='word_1_264' title='bbox 773 3922 809 3975; x_wconf 87' lang='lat' dir='ltr'>est</span> <span class='ocrx_word' id='word_1_265' title='bbox 830 3920 936 3974; x_wconf 79' lang='lat' dir='ltr'>Plinius</span> <span class='ocrx_word' id='word_1_266' title='bbox 952 3932 987 3989; x_wconf 82' lang='lat'>8.</span> <span class='ocrx_word' id='word_1_267' title='bbox 1012 3937 1050 3990; x_wconf 85' lang='lat'>27</span> <span class='ocrx_word' id='word_1_268' title='bbox 1065 3922 1150 3996; x_wconf 77' lang='lat' dir='ltr'>(Rip.</span> 
     </span>
     <span class='ocr_line' id='line_1_35' title="bbox 145 4009 984 4079; baseline -0.014 -11"><span class='ocrx_word' id='word_1_269' title='bbox 145 4015 251 4075; x_wconf 80' lang='lat' dir='ltr'>„etiam</span> <span class='ocrx_word' id='word_1_270' title='bbox 268 4009 440 4063; x_wconf 74' lang='lat' dir='ltr'>animalium.</span> <span class='ocrx_word' id='word_1_271' title='bbox 481 4012 629 4062; x_wconf 79' lang='lat' dir='ltr'>sumamus</span> <span class='ocrx_word' id='word_1_272' title='bbox 670 4015 771 4075; x_wconf 77' lang='lat' dir='ltr'>„c.41.</span> <span class='ocrx_word' id='word_1_273' title='bbox 787 4026 814 4079; x_wconf 89' lang='lat' dir='ltr'>p.</span> <span class='ocrx_word' id='word_1_274' title='bbox 830 4017 878 4079; x_wconf 69' lang='lat'>94.</span> <span class='ocrx_word' id='word_1_275' title='bbox 894 4010 984 4078; x_wconf 76' lang='lat'>95.).“</span> 
     </span>
     <span class='ocr_line' id='line_1_36' title="bbox 144 4089 1149 4167; baseline -0.008 -15"><span class='ocrx_word' id='word_1_276' title='bbox 144 4097 273 4157; x_wconf 70' lang='lat' dir='ltr'>„tamma</span> <span class='ocrx_word' id='word_1_277' title='bbox 291 4095 338 4147; x_wconf 78' lang='lat' dir='ltr'>illa</span> <span class='ocrx_word' id='word_1_278' title='bbox 362 4091 490 4167; x_wconf 70' lang='lat' dir='ltr'>praefidit</span> <span class='ocrx_word' id='word_1_279' title='bbox 511 4091 630 4144; x_wconf 82' lang='lat' dir='ltr'>medico·</span> <span class='ocrx_word' id='word_1_280' title='bbox 712 4090 848 4144; x_wconf 72' lang='lat' dir='ltr'>valetudo.</span> <span class='ocrx_word' id='word_1_281' title='bbox 879 4091 915 4146; x_wconf 81' lang='lat' dir='ltr'>cf.</span> <span class='ocrx_word' id='word_1_282' title='bbox 931 4106 966 4152; x_wconf 83' lang='lat'>2.</span> <span class='ocrx_word' id='word_1_283' title='bbox 985 4090 1039 4152; x_wconf 78' lang='lat'>16,</span> <span class='ocrx_word' id='word_1_284' title='bbox 1057 4089 1087 4146; x_wconf 85' lang='grc'>6.</span> <span class='ocrx_word' id='word_1_285' title='bbox 1115 4090 1149 4145; x_wconf 78' lang='lat' dir='ltr'>it.</span> 
     </span>
     <span class='ocr_line' id='line_1_37' title="bbox 146 4173 883 4250; baseline -0.014 -12"><span class='ocrx_word' id='word_1_286' title='bbox 146 4200 248 4245; x_wconf 70' lang='lat' dir='ltr'>..sum</span> <span class='ocrx_word' id='word_1_287' title='bbox 270 4198 357 4235; x_wconf 72' lang='lat' dir='ltr'>venae</span> <span class='ocrx_word' id='word_1_288' title='bbox 373 4179 519 4234; x_wconf 67' lang='lat' dir='ltr'>[renonem</span> <span class='ocrx_word' id='word_1_289' title='bbox 532 4174 631 4250; x_wconf 82' lang='lat' dir='ltr'>hippo·</span> <span class='ocrx_word' id='word_1_290' title='bbox 672 4173 732 4248; x_wconf 87' lang='lat' dir='ltr'>huj.</span> <span class='ocrx_word' id='word_1_291' title='bbox 748 4192 771 4229; x_wconf 86' lang='lat' dir='ltr'>c.</span> <span class='ocrx_word' id='word_1_292' title='bbox 791 4175 815 4245; x_wconf 60' lang='lat' dir='ltr'>l.</span> <span class='ocrx_word' id='word_1_293' title='bbox 832 4186 883 4247; x_wconf 70' lang='lat'>²6*</span> 
     </span>
    </p>
   </div>
   <div class='ocr_carea' id='block_1_5' title="bbox 0 0 1323 4710">
    <p class='ocr_par' dir='ltr' id='par_1_6' title="bbox 0 0 1323 4710">
     <span class='ocr_line' id='line_1_38' title="bbox 0 0 1323 4710; baseline 0 0"><span class='ocrx_word' id='word_1_294' title='bbox 0 0 1323 4710; x_wconf 95' lang='lat' dir='ltr'> </span> 
     </span>
    </p>
   </div>
  </div>
 </body>
</html>
