2596 4710
238 281 289 351 80
479 260 536 373 u.
562 261 664 337 ren.
690 216 1004 354 Quiurrnuur

237 466 279 526 et
309 453 635 536 attrectationem,
663 460 710 522 ut
735 440 962 555 fasceruim.
1001 472 1103 548 quae
1138 450 1245 527 mihi

188 586 227 632 ⁹²
239 593 323 642 non
337 565 615 664 approbantur.
676 559 936 652 Vocabulum,
959 556 1009 637 nu
1027 565 1244 663 appellatio

236 679 407 757 dicenda
428 676 475 753 fit
492 690 717 781 eqeenyente,
742 690 781 751 et
802 674 1042 769 subjicienda
1063 682 1243 772 nomini,

237 823 312 874 nec
333 820 405 882 ne,
434 791 529 893 quia
552 791 667 893 parvi
695 790 836 880 refert,
863 793 1037 869 liberum
1056 795 1243 895 opinatu-

188 908 294 987 saris
314 911 510 1009 relinquo.
566 905 745 982 Nomina
766 906 963 982 declinere
991 922 1030 983 et
1055 913 1178 987 verba
1197 914 1242 991 in

237 1027 379 1129 primis
406 1024 522 1124 pueri
547 1017 689 1097 sciant:
725 1048 857 1121 neque
882 1026 990 1100 euim
1011 1023 1124 1101 aliter
1151 1052 1242 1129 per·

236 1144 377 1218 venire
406 1136 457 1213 ad
488 1137 735 1213 intellectum
770 1134 1023 1237 sequentium
1057 1137 1240 1240 pollunt3

237 1253 485 1356 quodetiam
501 1278 664 1328 monere
681 1251 971 1352 supervacuum
988 1253 1137 1345 fuerat,
1167 1255 1240 1333 nifi

239 1367 443 1447 ambitiosa
456 1365 706 1443 festinatione
721 1364 904 1469 plerique
919 1395 937 1442 a
955 1366 1241 1468 posterioribus

237 1488 483 1584 inciperent:
514 1466 564 1569 et,
585 1478 686 1556 dum
700 1479 891 1559 ostentare
907 1482 1122 1585 discipulos
1139 1488 1240 1563 circa

238 1595 469 1701 speciosiora
492 1595 664 1683 malunt,
703 1598 941 1698 compendio
978 1616 1237 1679 morarentur.
1280 1686 1284 1697 ¹

191 1721 293 1792 eeAt
316 1713 345 1788 sr
370 1715 460 1814 quis
489 1728 527 1786 et
557 1710 743 1787 didicerit
772 1712 880 1804 lutis,
920 1728 960 1789 et
988 1714 1127 1816 (quod
1144 1742 1239 1795 'non

303 1912 522 1967 attrectationem.
545 1904 638 1967 Guelf.
647 1909 832 1965 tractationem
845 1922 872 1966 et
887 1911 921 1965 fic
930 1910 1018 1968 codd.
1034 1930 1120 1988 paene
1134 1933 1237 1973 omnes.

238 1996 321 2054 Unde
344 1999 376 2050 su
398 1997 626 2055 attrectationem,
646 1995 766 2072 ignoro,
787 2012 850 2048 curu
873 2009 901 2049 et
921 2012 990 2052 vett.
1010 1998 1074 2053 edd.
1090 1999 1239 2075 pleraeque

238 2079 360 2138 habeant
375 2096 424 2135 aut
438 2081 639 2140 tractationem,
657 2095 721 2138 rut.
736 2080 814 2153 pejue
829 2080 930 2141 etiam.
950 2085 1143 2139 attractionem.
1186 2087 1239 2145 Vt

237 2165 377 2221 rillunun'r
402 2179 493 2218 umen
522 2161 559 2217 est
582 2180 743 2237 receptum,
772 2176 801 2217 et
824 2163 855 2216 iu
880 2166 981 2220 rariori
1006 2184 1077 2222 voce
1105 2168 1239 2225 facillimo

236 2248 341 2325 syllaba
362 2266 392 2302 at
414 2246 595 2302 hauriebatur
614 2247 649 2301 ab
668 2247 842 2311 enteaedente
863 2265 900 2303 et.

271 2400 275 2409 Ι
298 2331 408 2408 superat.
420 2332 526 2408 fuerat·
557 2330 650 2387 Guelf.
673 2343 731 2386 erat
755 2336 832 2400 (curn
848 2332 922 2386 Arm.
941 2346 968 2387 et
982 2328 1067 2407 Obr.)
1081 2330 1159 2408 quoti
1178 2334 1237 2393 lm

237 2417 363 2494 prreliat.
488 2418 526 2470 At
540 2412 569 2491 ſs
583 2419 650 2491 qais.
692 2414 785 2471 Guell.
802 2430 829 2470 et
847 2417 930 2471 Goth.
950 2417 1022 2486 (tec.
1041 2420 1137 2489 Gesn.)
1153 2424 1237 2499 Atqui

235 2520 259 2559 e.
273 2525 316 2577 q..
331 2516 395 2555 euru
404 2497 565 2556 Voffiomn.
576 2500 670 2553 Turie.
686 2514 715 2553 et
733 2502 815 2555 Beru.
837 2504 873 2555 Et
889 2505 922 2555 lic
940 2517 1009 2577 putu
1025 2520 1121 2559 omues
1137 2504 1237 2563 babae

237 2586 329 2644 codd.
347 2603 504 2659 quanquam
521 2583 557 2637 de
574 2584 739 2638 Britanuieie
755 2582 830 2640 Gibs.
847 2598 934 2647 treet,
956 2601 983 2640 et
998 2586 1032 2640 de
1045 2587 1122 2644 Alm.
1136 2592 1235 2647 Bura.

228 2671 343 2749 ,Regiur
359 2670 406 2724 bie
420 2668 602 2739 objectionem
619 2669 671 2722 effe
685 2682 779 2746 negat,
794 2684 994 2743 proptereaque
1008 2675 1056 2747 qui
1069 2672 1238 2731 eradendum

235 2756 338 2814 [undet.
380 2754 456 2808 Vett.
473 2751 535 2807 edd.
553 2768 585 2807 ut
601 2754 671 2809 ven.
689 2764 738 2826 94.
762 2750 825 2806 Ald.
845 2755 933 2811 Viart.
957 2760 1040 2825 (cum
1062 2754 1110 2811 hie
1135 2772 1238 2815 oetero-

186 2871 191 2881 ·
235 2841 287 2914 qui
312 2839 398 2914 preffe
419 2838 547 2910 sequetur
572 2839 714 2914 Regium)
736 2839 856 2891 retinent
872 2841 964 2914 Atqui.
1006 2842 1043 2895 Et
1067 2841 1150 2921 Regii
1166 2845 1238 2898 ratio

234 2923 314 2979 nulla
329 2923 381 2985 est,
401 2941 465 2976 eum
478 2935 509 2975 at
525 2920 629 2995 pariter
646 2918 822 2994 obloquatur.
867 2927 902 2977 Et
924 2925 985 2978 lune
1006 2925 1160 2999 opponitur
1176 2924 1239 2985 loli·

235 3023 280 3063 tae
295 3006 489 3085 magistrorum
506 3004 537 3057 iu
552 3006 647 3078 parvis
665 3004 858 3084 negligentiae,
877 3006 1022 3086 diligenti:
1038 3010 1105 3065 navi
1120 3010 1237 3085 alimjue

233 3089 431 3169 praeceptoris.
474 3088 576 3143 Saltem
600 3107 698 3162 operae
720 3088 841 3163 pretium
858 3108 915 3144 uon
935 3104 1008 3153 eret.
1031 3107 1120 3166 puto,
1141 3108 1238 3151 eontra

234 3175 325 3235 codd.
343 3172 448 3249 rliquid
464 3190 578 3227 novare.
622 3174 736 3247 Reliqui
757 3188 865 3236 umen,
886 3176 962 3249 quod
978 3174 1113 3233 obtinuit.

295 3276 323 3315 et
345 3291 386 3303 -
406 3259 528 3313 uoluerit.
569 3256 663 3314 Guelf.
674 3274 736 3312 oute
754 3261 807 3313 vol.
824 3261 925 3333 repetit
940 3277 1043 3315 etcum
1060 3258 1238 3336 quibuulun.

233 3344 318 3421 Quod
331 3360 431 3400 autem
439 3344 635 3403 Burmannus,
655 3362 718 3396 curn
734 3360 821 3416 eoque
844 3344 1042 3399 Locluurnnue
1063 3345 1119 3402 Le.
1142 3366 1171 3424 p.
1191 3366 1239 3411 rr,

227 3513 365 3592 'siguificat
386 3507 623 3571 attrectationem.
651 3509 717 3583 quia
760 3523 788 3572 2,
802 3524 840 3565 tt
858 3510 919 3591 egi,
940 3512 1091 3569 ambitionis
1108 3512 1241 3592 signifiea-

234 3597 337 3651 talibus
351 3595 490 3651 adverbiis
507 3595 630 3654 utimur,
652 3614 715 3647 cum
759 3595 873 3649 tionem.
901 3599 967 3652 Non
983 3598 1057 3650 euim
1072 3612 1127 3675 unu
1143 3618 1242 3672 paren·

232 3679 352 3759 lingulae
367 3694 472 3735 retaut
485 3694 626 3732 manuaur
640 3698 716 3732 ruen-
759 3693 819 3732 tum
843 3694 871 3732 et
892 3679 1091 3754 discipulorum
1114 3700 1241 3739 amorem

233 3778 262 3818 te
276 3766 350 3837 quasi
364 3762 596 3841 apprehendimur
610 3777 638 3816 et
652 3781 716 3816 con·
756 3760 808 3816 lure
822 3763 991 3817 festinatione
1005 3766 1241 3844 captatmegiller.

233 3862 393 3905 nectamus.
757 3865 841 3919 quum
858 3849 930 3900 lurni
946 3847 1074 3927 glorium.
1090 3850 1142 3923 qui
1154 3846 1243 3905 osteu-

266 3932 416 4008 ,ambitiosa
434 3927 623 4006 festinatione.
667 3928 716 3986 vi·
757 3943 798 3982 tat
820 3931 967 4006 discipulor
996 3934 1057 3987 [uon
1081 3934 1153 3987 circa
1184 3936 1242 4011 [pe-

230 4014 299 4072 (leur
313 4017 386 4073 mibi
403 4031 430 4072 et
446 4014 493 4069 bic
508 4016 653 4094 agnoscere
674 4032 715 4067 re·
757 4014 880 4068 cioliora.
919 4019 994 4072 Beue
1016 4017 1107 4095 igitur
1128 4018 1242 4095 Gedoy.

228 4102 383 4160 mutierem
403 4100 498 4163 illem.
517 4100 552 4156 de
566 4117 621 4176 que
634 4096 670 4154 ud
689 4118 713 4162 r,
755 4116 825 4155 nur:
847 4102 1044 4180 precipitarion
1060 4102 1203 4161 blluaule.
