2596 4710
316 344 438 412 tusr.
466 343 674 415 outrort
702 346 792 413 Lm.
812 347 879 433 111,
910 370 941 415 ι.
1068 361 1142 439 4¹27

141 545 257 633 ptum
272 546 433 629 putent3
463 530 559 604 haec
574 546 725 621 autem,
754 556 855 633 quae
872 530 1077 626 feruntur,
1094 534 1143 609 ab
1224 508 1229 519 ¹

141 648 229 719 aliis
248 642 322 719 etse
337 644 559 745 composita.
616 649 688 721 His
701 645 908 725 succedere
923 650 1054 739 multi,
1074 647 1193 739 [edm

139 760 540 861 cluriffimusGorgiae
551 760 794 852 auditorum,
807 761 1001 854 Isocrates,
1020 790 1146 865 quan·

140 902 263 979 quam
291 876 341 969 de
364 893 617 978 praeceptore
639 883 724 973 ejus
737 881 841 954 inter
856 896 1034 956 auctores
1056 906 1143 956 non

141 994 341 1069 convenit.
413 1019 487 1068 nos
528 1009 662 1069 autem
697 994 898 1071 Aristoteli
932 994 1141 1072 credimus.
1154 1023 1192 1089 ²4

140 1110 247 1185 Hinc
279 1110 392 1182 velut
422 1106 597 1182 diversae
635 1107 756 1185 securi
793 1127 1012 1210 coeperunt
1031 1112 1145 1186 ¹viae.

142 1224 252 1299 Nam
274 1238 313 1297 et
335 1221 510 1299 Isocratis
531 1222 838 1325 praestantiffimi
851 1222 1037 1325 discipuli
1059 1222 1149 1301 fue·

143 1355 242 1415 runt
263 1340 306 1414 in
332 1341 446 1414 omni
470 1336 696 1415 studiorum
718 1364 879 1441 genere:
918 1350 1046 1440 eoque
1069 1345 1149 1436 jam

141 1451 301 1533 seniore
325 1454 542 1552 (octavum
562 1456 671 1529 enim
696 1471 735 1529 et
753 1452 1052 1557 nonagesimum
1070 1458 1148 1531 im·

144 1569 272 1671 plevit
289 1573 466 1669 annum)
495 1568 781 1669 pomeridianis
801 1569 944 1647 scholis
961 1570 1150 1648 Aristote-

103 1686 203 1767 oles
223 1687 450 1784 praecipere
473 1700 596 1759 artem
622 1688 834 1761 oratoriam
860 1686 1009 1787 coepit,
1048 1700 1149 1765 noto

144 1800 312 1901 quidem
332 1802 406 1876 illo
429 1804 446 1896 (
455 1816 500 1877 ut
516 1798 710 1903 traditur)
729 1799 847 1878 versu
864 1825 913 1875 ex
930 1801 1149 1879 Philocteta

143 1914 376 2017 frequenter
396 1912 504 2006 ttius,

187 2162 272 2243 Aust.
287 2165 359 2222 cred.
386 2162 502 2219 Dixerit
515 2162 571 2219 hoc
586 2161 629 2218 di·
668 2191 738 2225 .,-
767 2158 964 2220 conducebant.
995 2192 1039 2209 -
1072 2162 1151 2221 disci·

144 2250 216 2311 ierte
230 2249 333 2305 elicubi
347 2248 517 2310 Aristoteles,
540 2250 629 2303 neces·
669 2286 687 2310 „
696 2247 802 2323 plicae,
829 2266 913 2321 qtum
936 2248 998 2303 dixi
1014 2243 1153 2325 depaupe-

146 2336 174 2393 [ε
186 2334 239 2399 eii:
257 2334 368 2408 qualem
378 2348 470 2387 tamen
486 2332 580 2388 iocum
596 2333 629 2387 in
668 2325 777 2399 ..eratin
799 2346 909 2406 tempus
925 2334 1091 2390 exercendae
1105 2334 1152 2387 da·

145 2418 264 2493 reliquie
278 2418 392 2491 quidem
400 2436 458 2470 non
471 2419 628 2493 reperimus
670 2416 744 2479 „bat
764 2415 796 2470 iu
815 2418 911 2489 Lyceo
927 2423 1087 2474 matutinum
1106 2445 1150 2462 -·

147 2502 290 2581 operibue.
332 2502 384 2557 Sed
401 2501 486 2557 multi
506 2505 567 2577 ejus
589 2502 631 2556 in·
671 2499 758 2563 „itlaa
788 2518 859 2554 vero
887 2497 1042 2579 &erepuerit
1073 2503 1153 2558 cudi·

146 2587 321 2644 recciderunt
335 2586 418 2647 libri.
439 2588 523 2641 etiam
538 2586 632 2641 rheto-
671 2587 787 2648 „tionee
805 2586 1026 2661 exercitiumque
1040 2585 1152 2641 dicendi

147 2672 210 2735 rici,
232 2671 499 2733 velutThoodecteu,
521 2670 555 2725 de
569 2671 631 2744 qui·
671 2668 798 2732 „eodem
815 2668 846 2723 in
864 2667 928 2724 loco
947 2669 1053 2744 vesperi
1070 2671 1151 2725 facie·

147 2754 202 2813 bue
215 2756 281 2811 vide
299 2771 327 2819 u,
349 2768 395 2821 15,
421 2774 467 2809 io.
510 2756 629 2828 Dionys.
672 2752 743 2815 „bat
770 2782 813 2796 -
840 2768 923 2827 atque
949 2772 1014 2810 euru
1042 2746 1151 2810 δειλινὸν

148 2840 290 2899 Halicarn.
320 2842 354 2894 Τ.
373 2855 400 2892 2.
423 2857 451 2913 p.
468 2849 509 2913 94
531 2840 631 2893 isocra·
671 2836 838 2914 ‚atpium
865 2836 1034 2912 appellabat.
1066 2838 1151 2895 illum

149 2926 188 2981 tie
210 2940 401 3000 praeceptores
424 2923 519 2998 prodit
535 2920 631 2976 Prodi·
672 2920 816 2982 „alterum
832 2920 914 2996 supra
927 2918 1067 2979 ieiarc'r.“

146 3029 217 3067 eum
234 3009 335 3069 Cium,
364 3008 498 3087 Gorgiam
517 3005 632 3061 Leonti·

147 3112 220 3151 uum
246 3108 274 3148 et
297 3094 397 3149 Tisiam
423 3092 631 3165 Syracusanum,
714 3083 792 3163 uersu
807 3089 1011 3147 ebeilocteta.
1053 3088 1153 3147 Ethio

148 3178 185 3235 de
206 3176 378 3233 Theramene
401 3174 560 3251 aliquorum
580 3174 633 3229 effe
672 3188 734 3227 ante
751 3170 846 3227 oculor
863 3174 955 3229 noiiro
969 3188 1029 3230 erat
1043 3176 1152 3232 Cicero.

150 3263 317 3339 opinionem
352 3262 460 3339 refert.¹
510 3257 632 3315 Eosdem
672 3258 708 3312 de
733 3256 813 3314 Orat.
834 3270 870 3324 3,
892 3270 942 3327 35.
970 3258 1153 3335 quiquidem

149 3360 290 3405 memorat
312 3342 582 3401 Pseudo-Plutarch.
602 3361 632 3417 p.
674 3344 778 3398 Graeca
793 3341 849 3417 ipsa
864 3360 922 3397 non
941 3344 1031 3419 ponit.
1073 3343 1154 3400 Idem

151 3430 225 3503 856.
247 3430 388 3487 tusuidus
402 3418 433 3483 in
448 3448 479 3485 v.
493 3428 577 3507 lecup.
591 3424 634 3481 di·
674 3426 766 3504 tangit
787 3426 862 3480 idem
886 3426 1032 3484 Tusculan.
1059 3446 1093 3491 r,
1122 3440 1153 3501 4.

151 3518 222 3573 ierte
237 3516 372 3594 Gorgiam
393 3514 521 3569 nominet
535 3528 564 3569 et
578 3510 635 3587 pri·
674 3511 762 3587 Diog.
785 3510 914 3565 Laertius
930 3524 968 3579 5,
991 3526 1019 3581 5.
1042 3510 1156 3569 hoedi.

152 3620 235 3657 metm
258 3600 362 3660 udum,
383 3596 493 3655 fortasse
514 3616 551 3653 ex
570 3594 636 3652 Ari·
676 3594 795 3650 crurium
816 3596 846 3648 in
869 3597 1072 3659 Xenocratem,
1095 3615 1156 3655 non

153 3683 259 3745 dotele.
280 3682 543 3755 deindeiubjiciene,
560 3696 635 3755 quot
675 3680 706 3733 in
729 3680 892 3741 Isocratem,
923 3682 1080 3755 conjectum
1102 3682 1156 3738 effe

153 3784 295 3847 praeterea
304 3768 391 3841 aliqui
407 3764 634 3821 memoraverim.
676 3763 771 3824 refert,
795 3764 927 3843 utigitur
940 3764 975 3819 ud
986 3764 1156 3843 philosophi-

195 3854 394 3929 pumeridiauis.
444 3850 488 3908 Cf.
511 3848 636 3907 Gellium
678 3866 721 3903 cue
763 3848 915 3922 pertineret
949 3846 1156 3925 disputationes.

157 3952 213 3997 20,
236 3950 265 4003 5.
306 3930 484 4013 ,,Ἐξωημκᾶ
514 3932 637 4005 (Aristo-
677 3950 734 3985 non
750 3932 784 3985 ad
801 3932 960 3988 rhetoricae.
1008 3936 1053 3989 Dc
1073 3935 1156 3991 versu

156 4022 270 4095 „telis)
297 4022 476 4080 dicebantur,
509 4036 580 4093 qrtee
601 4016 637 4071 ad
678 4017 746 4089 ipro,
770 4016 821 4090 qui
838 4018 874 4071 est
892 4018 1048 4099 tragoediae
1061 4020 1157 4098 deper.

159 4105 336 4171 „rhetoricae
353 4104 563 4165 meditationee‚
584 4114 637 4159 cet.
679 4099 769 4165 ditae,
789 4100 849 4161 vid.
863 4117 923 4161 noc.
940 4102 1011 4162 Crit.
