3158 4802
359 385 481 454 INST.
507 385 647 456 ORAT.
674 385 1002 464 PROOEMIUM..
1130 413 1174 461 ιι

173 587 228 658 to,
257 573 387 672 pueri,
417 573 564 670 quibus
580 573 625 648 id
634 572 907 672 praestabatur,
923 593 1177 676 exceperant:

175 689 344 762 alterum
360 688 544 786 psuribus
552 685 641 761 sane
651 689 803 776 diebus,
833 707 1027 788 quantum
1037 709 1179 768 notan·

177 800 230 878 do
247 801 436 901 consequi
459 819 660 900 poterant,
690 805 974 904 interceptum,
1003 807 1100 881 boni
1116 814 1180 899 ju-

175 941 320 1004 venes,
349 915 418 989 sed
443 919 618 992 nimium
644 935 814 994 amantes
840 922 952 1008 mei‚·
968 925 1179 997 temerario

175 1031 366 1106 editionis
393 1032 548 1108 honore
568 1034 839 1132 vulgaverant,
900 1041 1029 1138 Quare
1052 1038 1096 1109 in
1114 1037 1205 1115 hjse

175 1171 345 1249 quoque
360 1148 472 1221 libris
491 1164 609 1222 erunt
625 1147 762 1222 eadem
781 1151 924 1247 aliqua,
951 1151 1076 1224 multa
1091 1175 1182 1224 mu-

170 1277 278 1349 tata,
306 1264 480 1361 plurima
510 1263 678 1356 adjecta,
708 1265 843 1338 omnia
868 1290 965 1340 vero
989 1263 1183 1363 composi-

178 1382 282 1453 tiora
300 1394 349 1466 et,
365 1404 485 1476 quam
499 1405 573 1454 nos
589 1382 821 1478 poterimus,
842 1381 1046 1454 elaborata.
1085 1384 1208 1466 Ora-9

181 1510 309 1569 torem
321 1509 452 1566 autem
463 1491 706 1568 instituimus
725 1495 843 1568 issum
858 1493 1091 1593 perfectum,
1111 1496 1185 1592 qui

179 1605 253 1682 esse
277 1607 352 1682 nist
381 1609 445 1682 vir
473 1609 604 1684 bonus
630 1635 714 1684 nou
737 1607 875 1708 potest.
908 1611 1081 1708 ideoque
1100 1635 1186 1684 non

181 1723 342 1799 dicendi
365 1725 490 1798 modo
510 1727 694 1798 eximiam
711 1727 755 1798 in
776 1751 823 1799 eo
841 1721 1086 1810 facultatem,
1116 1722 1185 1798 sed

184 1863 321 1915 omnes
335 1842 459 1914 animi
474 1841 642 1915 virtutes
659 1842 863 1940 exigimus.
922 1843 1067 1937 Neque
1076 1842 1231 1928 enimm

182 1954 261 2031 hoc
277 1951 547 2082 copcesserim‚
576 1957 770 2032 rationem
782 1972 908 2028 rectae
923 1935 1190 2052 honestaeoue

184 2074 288 2143 vitae
308 2068 327 2164 (
334 2087 380 2144 ut
398 2072 562 2168 quidam
579 2071 845 2170 putaverunt)
863 2069 913 2145 ad
928 2067 1191 2168 philosophos

186 2186 455 2284 relegandam:
486 2211 577 2260 cum
594 2189 659 2261 vir
684 2187 753 2259 ille
774 2211 868 2260 vere
884 2187 1032 2271 civilis,
1057 2199 1097 2257 et
1113 2209 1191 2282 pu·

185 2299 382 2376 blicamm
398 2303 722 2400 privatarumque
736 2327 872 2376 rerum
885 2297 1191 2375 administratio·

185 2418 229 2490 ni
249 2417 589 2505 accommodatus,
616 2418 688 2516 qui
709 2443 844 2516 regere
872 2414 1044 2504 consiliis
1059 2415 1191 2502 urbes,

184 2529 356 2606 fundare
366 2529 531 2631 legibus,
556 2532 766 2606 emendare
784 2531 943 2626 judiciis
957 2530 1077 2629 possit,
1107 2555 1192 2605 non

183 2649 282 2724 alius
299 2647 346 2720 sit
363 2645 557 2745 prosect0‚
586 2673 706 2746 quam
723 2663 865 2752 orator.
923 2651 1066 2749 Quare,
1091 2660 1236 2717 tam-u

180 2763 250 2838 etsi
264 2789 330 2838 me
352 2737 479 2837 fateitr
495 2759 663 2838 usurum
681 2759 933 2861 quibusdam,
948 2783 1050 2860 quae
1061 2759 1195 2866 philo·

183 2978 262 3032 cendi
280 2977 332 3030 esse
346 2976 379 3029 in
396 2975 472 3032 Voss.
493 2989 539 3036 2.‚
561 2975 627 3031 sicit
644 2979 732 3050 mipu
749 2979 777 3031 in
795 2979 902 3039 cereris,
924 2976 958 3032 de
975 2995 1032 3050 quo
1049 2975 1125 3037 alibi,
1145 2975 1197 3032 hu·

184 3068 229 3136 jus
257 3061 371 3116 Codicis
397 3077 460 3112 cnm
486 3059 617 3114 Gothauo
636 3065 786 3116 consensus.
828 3063 956 3117 Praesero
973 3077 1064 3116 antem
1081 3063 1197 3122 dicendi.

187 3147 255 3220 quin
275 3147 332 3220 ipsa
348 3161 505 3220 puerorum
522 3145 680 3220 disciplina,
709 3141 799 3220 ipsum
818 3147 933 3222 discere,
955 3145 1025 3200 bene
1041 3145 1196 3220 appellatur

187 3233 294 3288 dicendi
309 3227 481 3292 incunabula:
503 3231 688 3286 Grammatico
704 3231 778 3284 urim
797 3231 894 3285 inituro
909 3230 1023 3290 oratori.
1045 3231 1119 3302 quod
1129 3229 1196 3282 viro

187 3317 285 3370 sutoro
302 3333 398 3370 cunae.
445 3313 525 3374 its-1,
557 3329 653 3375 1,2r.
693 3319 762 3370 Tam
784 3331 876 3389 aptam
902 3316 1088 3387 inscriptura.
1109 3331 1195 3386 quam

188 3401 293 3475 recepit
313 3401 468 3454 Gesnems:
492 3397 610 3474 discendi
630 3401 805 3459 incunabula.
827 3399 975 3476 imaginem
994 3417 1050 3450 non
1068 3399 1194 3476 agnosco.

188 3485 282 3539 Gnels.
309 3501 337 3540 et
363 3483 529 3552 Bodlejamu
556 3503 619 3538 cum
645 3499 705 3544 tot,
726 3483 761 3536 de
782 3481 884 3556 quibus
909 3497 1029 3540 tacetur,
1053 3483 1140 3537 codd.
1167 3497 1195 3536 et

188 3569 251 3623 edd.
267 3569 399 3644 plurimis
426 3567 578 3622 defendunt
600 3569 704 3622 dicendi
711 3591 720 3630 ‚-
742 3571 789 3620 etsi
811 3567 841 3620 in
864 3567 982 3620 vocibus
998 3565 1042 3620 his
1064 3569 1148 3619 diere
1169 3581 1197 3620 et

189 3651 307 3726 difien,
330 3671 452 3729 quarum
468 3653 683 3726 frequentissima
699 3653 838 3712 confusio,
860 3671 917 3704 non
935 3669 1030 3726 magna
1048 3651 1083 3704 est
1104 3651 1195 3706 codd.

191 3740 351 3792 auctoritas.
403 3739 439 3792 cs.
457 3739 529 3794 Piin.
546 3741 617 3814 Epp.
634 3751 661 3808 3,
678 3751 708 3806 5,
722 3751 751 3808 5.
772 3758 831 3800 „on
845 3737 880 3792 ab
896 3740 945 3792 inc.
961 3737 1109 3790 insinuir.“

234 3923 432 4002 conpofitiora.
483 3929 539 3984 Hic
560 3927 595 3982 de
618 3925 678 3988 illa.
711 3927 798 3988 dum:
818 3923 1006 4002 cornposniora
1029 3926 1089 3978 sunt
1108 3924 1195 4000 magis

195 4031 281 4087 quum
299 4011 361 4086 post
379 4011 444 4068 haec
454 4013 587 4072 mactabit.
605 4011 638 4080 (l.
649 4031 678 4087 9.
713 4013 854 4072 ordinem,
878 4011 910 4066 in
928 4029 1013 4066 unm
1030 4027 1196 4088 compagem
1279 4005 1288 4026 ⁰

198 4119 221 4152 c.
239 4096 499 4174 4.)10mpofisiom,
521 4100 566 4152 seu
583 4117 682 4152 uume-
714 4095 865 4157 commissa

198 4199 231 4238 ro
256 4177 397 4244 oratorio.
418 4201 475 4238 nou
498 4179 535 4240 en
558 4181 683 4263 cogitan-
