2596 4710
159 338 234 425 ⁶46
395 330 453 402 iu.
478 330 583 447 rm.
608 326 924 423 coturnum

159 520 307 598 infitias
332 546 404 607 eo,
434 515 623 617 quasdam
646 513 721 590 esse
747 542 796 593 ex
818 516 898 592 hoc
917 541 1066 619 genere
1085 545 1167 595 ma·

159 640 289 726 terias,
313 635 363 710 ad
383 633 506 709 solam
520 629 750 732 compofittts
769 631 1096 725 ostentationem,
1119 652 1165 713 ut

160 751 299 828 laudes
321 750 510 837 deorum,
560 751 856 847 virorumque,
901 776 1006 848 quos
1030 753 1167 853 priora

81 842 98 884 ³
161 884 341 968 tempora
357 866 550 939 tulerunt.
609 868 701 969 Quo
722 862 893 939 solvitur
906 862 1088 964 quaestio
1105 865 1166 943 su·

160 1008 232 1083 pra
260 996 435 1055 tractata:
493 974 826 1079 manifestumque
849 978 904 1053 est
926 1005 1059 1057 errare
1087 1007 1164 1073 eos,

37 1180 40 1185 ,
162 1099 236 1196 qui
251 1118 462 1195 nunquam
480 1110 677 1170 oratorem
701 1092 926 1184 dicturum,
954 1094 1030 1171 nisi
1051 1097 1103 1171 de
1120 1122 1164 1173 re

29 1192 32 1197 ’
134 1211 306 1298 4dubia,
355 1224 609 1309 putaverunt.
695 1210 758 1283 An
783 1206 919 1285 laudes
942 1212 1163 1312 Capitolini

159 1328 287 1412 lovis,
317 1339 506 1424 perpetua
526 1321 624 1399 sacri
646 1325 869 1400 certaminis
890 1329 1076 1419 materia,
1099 1330 1164 1404 vel

160 1439 306 1515 dubiae
322 1437 427 1528 sunt,
455 1441 522 1513 vel
538 1464 622 1514 non
642 1440 815 1514 oratorio
832 1464 977 1539 genere
991 1442 1164 1519 'tractan-

159 1557 252 1629 tur‘l
301 1558 356 1628 Ut
375 1553 567 1628 desiderat
584 1570 717 1628 autem
736 1554 839 1642 laus,
868 1580 970 1656 quae
991 1562 1161 1659 negotiis

159 1669 391 1756 adhibetur,
419 1669 715 1768 probationem:
750 1667 803 1742 fic
817 1672 935 1745 etiam
947 1672 1037 1762 illa,
1062 1700 1160 1775 quae

124 1874 127 1879 ν
160 1781 412 1858 ostentationi
442 1785 716 1882 componitur,
751 1782 871 1859 habet
900 1788 1066 1865 interim
1093 1791 1160 1866 ali·

134 1922 283 1996 5qua1n
301 1894 471 1996 l'peciem
484 1896 749 1997 probationis:
785 1904 920 2001 utqui
936 1906 1159 1983 Romulum

158 2015 300 2089 Martis
327 2009 478 2100 lilium,
506 2011 798 2111 educatumque
814 2040 835 2087 a
851 2016 948 2117 lupa
965 2018 1089 2111 dicat,
1117 2025 1158 2099 in

159 2142 440 2229 argumentum
455 2125 630 2217 coelestis
653 2143 763 2204 ortus
778 2144 913 2207 utatur
934 2132 1019 2225 hie,
1049 2138 1158 2239 quod

159 2242 332 2335 abjectus
366 2243 409 2314 in
444 2240 733 2340 profluentem,
782 2270 867 2320 non
892 2254 1076 2347 potuerit
1096 2278 1157 2329 ex.

159 2359 311 2454 tingui3
342 2353 455 2450 quod
479 2358 614 2428 omnia
631 2354 682 2430 fic
703 2360 846 2457 egerit,
874 2377 944 2451 ut,
976 2371 1158 2467 genitum

159 2469 334 2570 praeside
350 2468 550 2542 bellorum
566 2469 654 2558 deo,
683 2472 918 2551 incredibile
943 2504 1029 2556 non
1051 2480 1156 2575 effet3

159 2583 272 2681 quod
297 2578 428 2683 ipsum
456 2608 618 2681 quoque
640 2588 753 2663 coelo
776 2608 981 2691 receptum
1004 2613 1157 2702 tempo·

133 2701 215 2775 tris
243 2705 327 2793 ejus
349 2698 533 2774 homines
559 2725 644 2774 non
671 2699 952 2783 dubitaverint.
1032 2722 1156 2823 Quae.

219 2944 292 3022 qnod
306 2949 394 2999 omnia
401 2944 444 3022 fic
458 2952 552 3019 egerit.
597 2949 681 3004 Goth.
698 2953 744 3024 qui
759 2971 785 3006 o.
796 2951 823 3027 s.
840 2976 864 3008 e.
885 2957 963 3028 quod
977 2962 1080 3035 probat
1096 2964 1157 3023 Gat-

156 3047 257 3090 nerue,
286 3030 416 3102 idemque
438 3030 502 3085 dare
529 3048 621 3086 narrat
647 3037 720 3092 Jent.
773 3037 825 3090 Sed
849 3038 933 3113 hujus
957 3049 1155 3120 compendium

155 3113 227 3170 male
243 3114 278 3168 est
296 3114 492 3188 interpretatus
514 3115 570 3184 (cf.
587 3130 613 3184 3,
636 3118 665 3177 6,
686 3119 746 3193 64)
766 3135 794 3174 et
809 3124 882 3196 perit
905 3128 1156 3189 concinnitatem·

155 3197 258 3271 phorce
277 3200 349 3272 quod
365 3215 407 3252 ter
421 3201 559 3271 ponentis,
581 3205 659 3278 siqui
673 3203 768 3259 scribit
781 3204 810 3261 lt.
824 3204 845 3261 l.
887 3212 933 3263 An
947 3212 1055 3290 inipso
1070 3218 1154 3276 Goth.

154 3281 252 3336 oculus
272 3281 402 3334 fefellerit
423 3284 520 3344 Gelu„
548 3303 605 3337 non
627 3286 757 3342 dixerim.

217 3383 247 3420 ut
261 3396 302 3408 -
317 3386 370 3419 non
393 3365 466 3443 effer.
510 3370 718 3440 conjectantem
732 3372 772 3448 stt
796 3392 848 3448 pro
869 3375 934 3453 effer
958 3382 1086 3461 Regium
1106 3390 1157 3443 Br-

152 3447 216 3502 dius
239 3466 311 3503 recte
331 3450 509 3524 reprehendit
525 3453 635 3532 exlege
651 3457 861 3513 convenientiae
881 3476 1053 3539 temporam.
1096 3474 1156 3531 Nee

53 3536 54 3539 ’
153 3530 227 3586 ullus
242 3534 311 3589 cod.
328 3533 438 3588 addicit.

191 3733 418 3810 supranactata.
463 3757 491 3810 3.
513 3755 541 3812 5,
565 3758 593 3813 5·
671 3744 712 3801 ibi
735 3745 786 3800 ess'e
806 3746 900 3810 flori·
922 3767 956 3806 ut
971 3771 1000 3810 et
1015 3760 1154 3820 Juliicc

188 3818 264 3891 sacri
280 3828 435 3880 certaminis.
458 3829 493 3881 cl.
511 3843 538 3889 2,
553 3840 582 3897 8,
600 3844 627 3896 7.
670 3830 785 3904 pitolini
805 3831 833 3884 in
849 3832 951 3891 Clodio
960 3841 1073 3901 ¹Albino
1088 3868 1112 3903 c.
1124 3867 1153 3924 9.

194 3905 313 3970 abjectus
360 3912 389 3961 in
439 3913 625 3983 profluentem.
669 3915 714 3969 sed
731 3916 762 3968 in
777 3915 886 3974 aliare.
934 3960 940 3970 .

146 3987 243 4038 llnrm.
267 3987 300 4039 ad
322 3991 445 4046 nostrum
468 3995 576 4059 locum,
599 4013 627 4053 et

145 4068 278 4124 Dukerut
300 4072 334 4127 ad
355 4075 470 4132 Florum
493 4100 518 4141 r,
544 4102 570 4142 1,
595 4096 624 4136 2.
709 4087 784 4142 coelo
801 4106 936 4162 receptum
949 4120 992 4135 ι·-
1008 4098 1155 4157 nandarbi·

147 4154 517 4219 animadverterunteadem
539 4164 625 4222 verba
666 4175 792 4226 triverint.
834 4174 993 4252 LegeLiv.
1014 4200 1041 4244 ι,
1066 4183 1115 4240 ιθ,
