2596 4710
132 440 205 514 453
317 426 320 432 ·
371 422 428 490 aa.
460 423 561 491 ran.
594 420 910 516 oumrrmaur

106 611 257 689 tutio
288 612 383 686 clari
410 608 586 703 ejusdem
613 608 745 707 operis
770 623 947 683 auctores
954 633 968 697 ;
1013 606 1088 707 qui
1115 603 1170 681 ii'

137 859 210 915 latua
231 877 295 913 curn
315 854 391 915 vau.
414 878 438 913 r.
467 860 518 933 qui
539 858 660 934 praefert
681 858 790 920 Tullus,
815 876 893 913 mero
917 856 1027 911 librarii
1050 874 1140 912 emota

139 945 296 999 amittentia
313 948 343 998 ri.
385 943 456 997 Edu
471 959 541 998 vett.
557 959 619 996 aute
634 942 752 996 Badium
769 960 880 1001 omues,
902 960 960 1014 quo
976 942 1083 995 accedit
1095 940 1140 997 Al·

138 1027 341 1082 dinalecurula.
385 1030 479 1084 Ceteri
496 1028 578 1086 libri,
606 1028 947 1088 utetGaln.,1lrrtilias,
976 1024 1028 1079 ulri
1052 1040 1140 1079 tamea

139 1131 203 1167 cum
219 1115 316 1167 Burm.
335 1113 470 1165 Gesnerus
486 1112 623 1189 agnolcit,
651 1130 707 1163 non
723 1110 774 1165 ella
790 1110 1042 1169 contemnendam,
1060 1126 1139 1181 quam

139 1196 303 1269 recepimus.
347 1195 439 1252 lianc,
463 1212 572 1265 praeter
589 1196 723 1266 veterum
733 1193 870 1243 libroruru
885 1192 1050 1245 corrieulum
1071 1186 1141 1267 (qui

140 1279 238 1355 augeri
259 1278 369 1332 fortasse
384 1291 507 1351 poterat,
530 1279 548 1329 li
563 1274 753 1351 diligentiores
769 1275 804 1327 iis
822 1274 998 1339 conferendis
1015 1275 1140 1354 contigis-

139 1363 198 1416 seut
213 1361 368 1432 lectores).
390 1362 518 1435 persuasit
539 1359 611 1412 ruilu
636 1356 834 1418 uulmleuiur,
863 1358 964 1411 docens
989 1354 1140 1433 (praetii

140 1445 231 1501 Rutil.
248 1448 321 1520 Lup.
341 1445 498 1516 rer-16)
519 1459 634 1497 aetatem
649 1440 752 1496 Rutilii
774 1461 838 1499 tum
855 1444 931 1513 ejus,
955 1463 1042 1515 quam
1057 1458 1140 1498 vetto·

143 1529 199 1587 bat,
223 1531 344 1607 Gorgiae
359 1532 535 1600 conjunctam
558 1525 637 1595 (viu.
653 1526 721 1579 noli.
737 1546 766 1600 9,
791 1542 819 1586 2,
844 1530 921 1594 102)
943 1527 1085 1583 carlertin
1101 1526 1139 1583 Ci-

142 1614 249 1666 caronis
266 1615 441 1673 senectutem,
460 1631 523 1666 cum
533 1611 637 1687 Gorgia
650 1626 835 1685 praeceptore.
858 1611 1017 1665 leucadem
1035 1630 1139 1667 morum

142 1712 324 1770 corruptore,
355 1712 481 1751 uteretur
498 1696 596 1752 Cicero
617 1693 691 1748 lilius
707 1695 835 1749 Athenis.
876 1699 965 1748 Error
987 1711 1081 1751 tamen
1100 1695 1139 1749 iria

141 1778 233 1833 alieno
255 1781 328 1855 apud
351 1785 405 1854 Qu.
429 1779 492 1834 loeo
513 1777 813 1852 reponeudillruilr'um
829 1797 883 1831 nou
901 1800 991 1834 unum
1014 1779 1139 1833 errntami·

141 1865 222 1917 navit
243 1866 402 1939 scriptorem
411 1880 561 1923 -vetereur,
583 1882 646 1917 cum
660 1862 829 1919 Dorlwellua
846 1864 873 1916 in
891 1863 975 1917 Plinii
998 1862 1138 1938 epistolam,

140 1947 191 2017 (de
208 1950 304 2021 quain
320 1966 378 2003 not.
397 1953 455 2021 ex.)
476 1946 562 2001 vellet
577 1946 730 2003 inminere
744 1948 895 2009 Rutilium,
916 1968 970 2022 pro
988 1950 1099 2007 Tutilio,
1117 1961 1138 2000 et

142 2030 250 2106 aliquot
269 2035 403 2095 editores,
433 2033 517 2087 etiam
540 2030 704 2085 reclamante
726 2034 834 2093 metro,
864 2031 1004 2087 Martialis
1023 2030 1138 2105 (alequa

134 2118 212 2171 *item
227 2135 286 2173 not.
304 2122 373 2192 ex.)
392 2118 485 2171 versui
503 2108 827 2171 obtruferintllrrtiiiriut.
868 2116 922 2173 Sed
945 2116 979 2171 ab
1001 2116 1058 2171 lroc
1075 2116 1138 2169 aritia

143 2200 194 2255 ubi
209 2204 375 2277 temperavit
392 2199 561 2256 Dodwellus
582 2201 595 2267 (
603 2198 701 2257 arnul.
717 2200 813 2274 Quint.
837 2200 862 2269 §.
874 2204 936 2274 29)
951 2217 980 2255 ct
995 2204 1025 2255 P.
1043 2201 1138 2256 Scrive-

144 2286 203 2338 rius
223 2286 427 2357 Quintilianum
449 2304 485 2338 ex
504 2285 563 2357 ipso
585 2283 713 2338 Martiale
741 2284 938 2361 corrigentium
966 2300 1043 2339 recta
1064 2283 1138 2340 vidit

112 2374 115 2379 ’
143 2370 245 2423 Rutilii
260 2370 397 2441 quantitas
411 2367 586 2445 cognoscitur
603 2387 638 2419 ex
654 2368 761 2423 ovidio
775 2368 841 2423 Fut
858 2367 892 2429 6,
914 2368 975 2437 565
1000 2397 1069 2430 .,-
1084 2372 1137 2443 Qua

99 2496 102 2501 .
143 2470 318 2526 „properaa,
354 2466 512 2507 memorant
541 2450 655 2512 dixisse,
692 2452 833 2509 Rutili‘?·¹
887 2455 920 2509 it.
947 2456 994 2509 Ex
1015 2456 1095 2510 Pout.
1116 2472 1138 2511 1»

145 2550 181 2604 3,
209 2536 260 2605 65.

144 2733 335 2809 „relinquat“
357 2738 390 2790 lc.
407 2735 481 2791 filius
503 2751 569 2790 tuus
587 2736 626 2788 mi
668 2736 775 2795 festior,
798 2735 876 2806 eujus
897 2735 1014 2791 divitias
1035 2737 1067 2791 ad
1088 2752 1140 2791 aot·

144 2823 236 2895 Lupe.
279 2822 469 2895 Iluuciplum
486 2820 626 2877 Tutilium
669 2820 946 2879 lnurfertJuvenalis
964 2837 991 2888 7,
1011 2822 1139 2893 rgsslaqq·

144 2905 230 2957 noliri
253 2903 331 2957 luille
355 2908 478 2959 loe-erum
504 2925 540 2959 ex
556 2904 627 2957 l‘lin.
670 2904 798 2965 Accedit,
841 2922 972 2960 monente
1004 2906 1138 2979 Gerloynor

144 2988 228 3062 [piu.
252 2987 286 3047 6.
310 3003 348 3055 32
371 2985 545 3066 collegerunt
564 2990 588 3044 V
595 2992 627 3043 V.
670 2988 879 3062 quorll‘rooem.
902 2988 920 3042 l.
938 2990 967 3043 6.
990 2985 1140 3045 nosternul·

143 3076 212 3128 DD.
238 3075 370 3147 lnl'eripta
387 3095 416 3126 ea
431 3074 468 3128 eft
482 3072 629 3147 Quintilia-
670 3072 724 3127 lam
746 3072 817 3126 saliae
839 3073 904 3126 lacit
926 3072 1137 3129 mentiontmin

145 3159 226 3211 uoin
245 3158 307 3210 odel.
331 3158 472 3211 ournilrua.
516 3156 568 3212 sed
588 3174 628 3208 re·
669 3155 887 3231 comploratione
901 3159 947 3210 ista
960 3161 1088 3223 luoruur3
1108 3172 1138 3212 et·

145 3240 359 3295 ctillrme'milai
381 3242 496 3295 ridetur
517 3241 628 3312 Gerloy-
668 3241 745 3316 quod
768 3240 815 3294 ille
838 3259 895 3294 uon
919 3244 1029 3321 tetigit,
1070 3240 1139 3299 Taui-

145 3343 207 3381 rrur.
227 3324 628 3404 l'raacogallicruQuintiliani
669 3327 741 3381 lium
779 3328 900 3379 locorum
930 3330 1059 3401 prolecto
1090 3342 1139 3381 non

144 3412 291 3482 interpres.
304 3410 403 3483 (pratel.
417 3431 445 3484 p.
456 3413 534 3466 XLV
541 3410 628 3481 seqq.)
670 3426 728 3465 erat
741 3408 927 3488 neglecturus,
939 3412 969 3464 in
978 3428 1140 3487 naorteprar·

144 3484 632 3568 errorent[ulpicariiuistnuomiuef
670 3492 762 3550 sertim
784 3494 881 3549 uxoria
909 3493 1041 3575 lugenda.
1089 3494 1140 3552 Nifi

145 3576 230 3631 illalit
239 3577 399 3651 illereponi
411 3580 568 3656 Quintiano,
583 3596 628 3630 cu-
654 3579 744 3633 -lotte
770 3576 884 3632 alteram
911 3600 1031 3635 uxorem
1058 3578 1140 3635 duxit

143 3662 190 3732 jus
204 3662 443 3715 memiuerirPliu.
452 3661 535 3737 Epist.
553 3680 581 3736 9,
598 3681 625 3732 9.
670 3682 705 3716 ex
720 3683 774 3735 qua
791 3663 874 3716 filiam
900 3665 1060 3740 susceperit,
1080 3678 1140 3737 quaa

144 3747 309 3816 Quanquam
327 3765 363 3798 ne
379 3746 402 3799 ia
416 3748 539 3820 quirlern,
563 3765 627 3799 cunr
671 3767 734 3801 cum
755 3748 879 3820 primum
900 3748 1007 3803 nubilis
1030 3750 1092 3804 elica
1109 3744 1142 3798 la·

146 3827 192 3892 (ᾗ.
216 3834 268 3894 2.)
305 3828 448 3889 „ariter-os
478 3840 627 3884 tueretur“
670 3847 728 3890 cta,
759 3832 788 3883 iu
809 3833 1022 3888 matrimonium
1044 3833 1140 3888 cederet

144 3910 261 3964 videtur
282 3914 349 3968 adoo
371 3914 452 3968 suilla
468 3914 578 3993 augusta
596 3932 627 3966 re
669 3915 768 3973 Nonio
785 3915 884 3972 Celeri.
935 3920 1012 3973 Haec
1023 3919 1059 3973 ut
1073 3910 1141 3971 Dod-

144 3992 306 4056 (lomellina,
334 4000 416 4051 utin
438 3999 532 4053 dotem
555 3998 625 4052 filiae
668 3999 751 4056 welli
784 4000 856 4055 ratio
890 4001 1022 4068 (Auuall.
1043 3988 1139 4077 Qui·

143 4079 169 4132 L
179 4076 268 4131 millia
284 4100 433 4135 nummum
448 4104 463 4136 a
479 4084 570 4137 Plinio
585 4101 626 4135 ar»
671 4101 710 4159 29
721 4115 761 4126 -
771 4088 833 4159 32)
854 4086 926 4138 mira
939 4086 1056 4160 quidem
1072 4080 1141 4142 [oler-

144 4161 256 4235 ciperet.
301 4165 353 4219 Sed
363 4167 520 4243 corruptela
535 4166 627 4221 nouri-
669 4168 707 4222 tia
727 4186 807 4224 eruta
826 4167 890 4232 illa:
933 4170 977 4225 [erl
1001 4192 1072 4245 quae
1090 4181 1142 4223 tott

129 4236 188 4301 'nir
202 4247 232 4301 iu
252 4248 427 4324 Quintiliano
440 4251 523 4332 louge
538 4254 626 4306 nrani-
668 4256 775 4311 uitauit
798 4252 924 4311 Pliniana
954 4254 1075 4332 epistola.
1113 4250 1142 4306 El
