2596 4710
150 306 284 359 xxvm
367 346 369 351 ,
480 286 820 356 PRAEFATIO.

149 476 276 551 natur
290 440 469 574 vulgo'et
481 475 552 551 vix
567 472 689 550 fondo
704 470 838 549 audito
854 450 902 548 sis
917 471 1151 570 aequalibus

147 609 320 687 nostrie·
355 606 562 686 scribendi
579 611 776 686 rationem
793 608 1035 701 diuturnitas
1044 624 1150 683 tem-

146 747 257 847 poris
286 743 385 822 solet
416 746 588 844 levigare
617 760 658 819 et
692 770 785 820 cum
812 745 1147 845 pronunciatione

98 938 100 942 -
145 883 381 968 conciliare,
410 906 503 955 cum
519 885 595 973 jam
611 882 656 954 in
673 881 821 980 vulgus
840 895 984 955 notum
1009 895 1049 953 et
1070 877 1149 955 fre·

144 1032 379 1117 quentatum
392 1014 576 1094 estomne
585 1015 663 1092 hoc
679 1017 887 1089 literarum
902 1011 1147 1114 usurpanda·

142 1177 237 1226 rum
268 1153 496 1252 negotium,
538 1176 623 1226 non
652 1150 757 1223 intra
782 1147 996 1224 doctorum
1026 1151 1148 1227 colle·

141 1287 205 1387 gia
226 1288 454 1362 coercitum.
511 1280 896 1358 Remittendumest
920 1284 1074 1381 aliquid
1095 1284 1149 1359 de
1175 1366 1182 1378 ,

142 1421 413 1520 etymoiogico
436 1415 512 1494 isto
533 1418 680 1519 rigore,
709 1432 749 1493 et
763 1415 931 1492 eruditis
951 1416 1148 1514 quaestio·

139 1554 261 1629 nibus
295 1551 573 1652 seponendum
599 1551 663 1641 id,
712 1552 827 1652 quod
863 1552 1048 1629 homines
1082 1553 1148 1628 illi

140 1689 352 1777 „multum
388 1687 534 1762 literati
543 1699 580 1775 ,“
627 1688 761 1787 quales
795 1688 966 1787 appellat
1001 1688 1148 1765 Fabius

140 1824 207 1920 (1,
242 1829 289 1911 6,
321 1824 421 1922 21),
457 1824 646 1899 volebant
674 1821 748 1923 ipsi
778 1820 993 1923 scripturae
1021 1821 1146 1898 infer·

140 1959 240 2046 cire,
284 1984 369 2032 non
393 1955 505 2033 secus
529 1984 574 2032 ac
599 1956 629 2033 si
656 1956 857 2033 stemmata
882 1974 923 2034 et
947 1957 1146 2061 prosapiae

139 2094 360 2171 verborum
389 2092 608 2167 conderent
632 2090 863 2184 scribentes,
899 2119 992 2170 oum
1025 2119 1145 2171 omne

139 2225 345 2303 literarum
370 2225 546 2303 officium
575 2226 791 2327 praestetur
816 2226 1023 2305 reddendo
1037 2216 1146 2304 fide·
1174 2283 1179 2291 ·

136 2363 229 2436 liter
252 2386 355 2459 quae
370 2362 576 2439 audimus..
626 2363 836 2457 Ejusmodi
858 2380 962 2439 certe
982 2365 1146 2443 videtur

137 2495 212 2572 esse
245 2495 356 2572 sanae
396 2499 560 2575 rationis
597 2497 803 2574 decretum
837 2501 882 2575 in
913 2501 987 2576 hac
1020 2498 1143 2592 musa,

139 2631 253 2728 quod
277 2631 410 2733 ipsum
438 2649 571 2709 tamen
596 2658 689 2711 cum
714 2633 858 2723 modo‚·
885 2651 1024 2712 contre
1047 2661 1144 2712 con·

136 2762 412 2858 suetudinem,
441 2766 515 2845 esse
540 2766 790 2870 sequendum
811 2771 964 2851 Fabius,
977 2770 1105 2847 docet.

139 3082 146 3095 ·
220 3033 521 3137 Praeteripsrus
544 3034 745 3139 scriptoris
769 3064 938 3129 nomen,
980 3042 1141 3141 qualem

136 3173 251 3272 operi
269 3167 343 3247 suo
365 3172 533 3247 titulum
550 3170 705 3264 fecerit,
736 3173 973 3275 investigere
997 3200 1141 3276 operae

5 3292 7 3296 ¹
135 3309 312 3407 pretium
332 3304 397 3381 est.
455 3311 502 3380 ln
527 3308 604 3383 hoc
629 3333 793 3408 quoque
817 3334 960 3409 genere
981 3308 1141 3387 novasse

134 3441 289 3538 aliquid
313 3440 479 3517 videtur
503 3441 723 3543 Gibsonus,
759 3446 814 3519 ita
837 3432 968 3521 temen
995 3463 1063 3535 ut,
1108 3447 1139 3524 fi

23 3628 25 3632 2
134 3577 338 3676 proximos
362 3574 574 3654 decessores
598 3576 819 3669 deserebat5
857 3594 1040 3656 veterum
1066 3608 1138 3661 au·

134 3710 312 3785 ctoritate
332 3737 417 3787 non
430 3711 591 3812 prorsus
604 3728 761 3788 careret.
772 3680 782 3703 κ
794 3714 901 3790 Cum
917 3717 1025 3789 enim
1044 3720 1139 3795 vul·

133 3870 187 3945 go
222 3842 494 3923 Institutiones
529 3849 725 3923 oratoriae
758 3850 1067 3949 appellarentur·
1090 3853 1138 3929 hi

134 3979 250 4070 libri,
296 3978 494 4059 Gibsonus
522 3980 821 4084 inscriptionem
847 3983 951 4061 benc
977 4014 1137 4091 compa·
