2596 4710
359 315 480 384 msr.
506 292 943 402 omron‚1,1n.1‚7.
1050 418 1053 425 Ι
1080 337 1150 409 ιῃ

146 507 265 593 mins,
304 503 398 602 qnia
427 526 475 575 ex
509 501 739 577 abstinentia
767 501 904 575 temeti
936 502 1152 603 compolita

146 644 231 697 vox
249 616 323 706 est,
351 617 502 717 primae
531 620 739 716 relinquet.
799 619 906 690 Nam
924 620 969 693 K
984 619 1150 716 quidem
1160 650 1196 711 aa

144 737 193 811 in
225 736 346 809 nullis
381 732 514 808 verbis
550 734 748 809 utendum
781 747 901 833 puto,
940 732 1018 807 nili
1050 760 1152 833 quae

143 847 356 949 significat,
373 849 491 923 etiam
505 864 550 923 ut
564 846 646 924 sola
660 864 843 948 ponatur.
902 852 989 923 Hoc
1003 873 1050 929 eo
1066 876 1151 927 non

143 962 282 1053 omili‚
309 961 609 1063 quodquidam
637 990 742 1051 eam,
772 965 926 1062 quoties
946 964 994 1039 A
1013 962 1151 1063 sequa·

143 1096 234 1169 tur,
263 1076 510 1163 neoellarianr
534 1078 720 1154 credunt:
765 1104 857 1154 cum
884 1076 930 1152 lit
959 1079 993 1152 C
1019 1079 1150 1171 litera,
1188 1168 1196 1179 ἱ

212 1309 349 1384 relinquet.
391 1310 448 1364 llic
474 1311 598 1383 primum
626 1306 731 1381 aliquid
762 1309 815 1361 sme
844 1306 945 1363 Codice
972 1309 1032 1363 lum
1060 1309 1149 1373 austra.

144 1395 302 1469 Omneaet
323 1393 411 1450 Codd.
429 1409 457 1447 et
473 1394 535 1447 edd.
552 1408 659 1467 praeter
682 1411 769 1444 mmm
792 1394 908 1466 Capper.
931 1392 997 1445 dant
1022 1394 1150 1469 relinqua·

142 1494 191 1535 rur
206 1477 355 1533 foedillrma
371 1478 564 1557 concinnitatis
579 1478 667 1531 ruina.
713 1477 885 1536 Boxhornii‚
901 1478 1000 1530 citante
1014 1478 1151 1532 Burman·
1168 1506 1178 1521 ⁸

142 1580 203 1623 ato,
224 1577 297 1617 certa
313 1562 394 1637 plano
415 1563 452 1617 est
467 1565 637 1632 conjectura.
659 1562 836 1635 reponenda,
857 1561 935 1635 qnod
951 1563 1050 1636 recepi.
1094 1563 1150 1637 Ap·

141 1662 227 1725 paret
248 1664 330 1721 quam
351 1652 383 1701 lit
404 1646 473 1701 lenis
494 1647 628 1706 mutati0,
649 1646 862 1719 cipraelertim.
883 1645 1151 1719 qainondam

142 1730 233 1789 verit.
278 1730 360 1804 Quod
384 1732 469 1785 morlo
490 1747 547 1784 orat
569 1732 660 1789 dabir,
682 1729 787 1807 flagitat
802 1730 884 1784 etiam
902 1729 949 1783 ltic
970 1731 1093 1785 activum
1108 1748 1151 1785 re·

142 1816 227 1893 poni.
269 1812 412 1890 Araspex,
431 1813 580 1889 abstemiae,
594 1816 648 1888 ipla
662 1814 806 1875 voeabula,
827 1817 956 1888 personae
970 1816 1056 1876 linunt,
1070 1813 1150 1889 qnod

142 1902 278 1973 frequens
292 1900 328 1954 est
341 1900 433 1953 nostro
447 1904 480 1953 cl'.
496 1914 553 1953 not.
568 1918 646 1975 exeg.
663 1898 695 1952 ad
716 1919 741 1958 r,
759 1898 787 1959 6,
803 1914 841 1951 22
857 1885 915 1953 ciam
927 1900 992 1954 ebur
1012 1930 1049 1942 -
1064 1916 1149 1956 tranr-

134 1984 251 2063 [οων.
396 1982 547 2060 fignifirat.
570 1983 656 2037 Gotlr.
671 1983 685 2053 (
694 1997 744 2035 tac.
760 1982 1035 2058 Geln.)fignificant‚
1052 1998 1080 2038 et
1095 1984 1149 2038 hoe

140 2066 309 2125 inveniebat
323 2068 448 2146 Regius,
470 2069 520 2141 qni
541 2082 678 2141 receptam
697 2068 805 2141 primm
821 2067 1040 2130 commendavit,
1062 2084 1148 2140 quam

141 2153 243 2211 (irreli.
267 2151 406 2213 defendit,
426 2167 454 2205 et
475 2170 570 2207 nmnea
585 2151 799 2207 forrare-codd.
841 2150 1006 2205 Editionn'm
1027 2151 1081 2207 sola
1094 2154 1149 2209 Ve-

138 2255 210 2294 neta
225 2236 272 2289 dat
280 2234 447 2312 fignr’jr'ranr.
490 2236 536 2289 Eli
551 2251 659 2297 .··ntem,
681 2256 764 2309 quare
781 2234 916 2309 pluralem
931 2235 1067 2309 praeferas
1081 2234 1150 2297 lere,

141 2342 230 2383 eum,
251 2323 302 2375 nili
323 2343 389 2393 quaa
411 2320 546 2374 reseratur
566 2318 599 2373 ad
621 2322 716 2381 verta,
742 2322 794 2374 vix
816 2336 960 2394 appareat,
981 2338 1031 2374 cnr
1043 2320 1150 2376 dixerit

140 2411 201 2483 Qtt.
225 2409 252 2461 in
278 2408 357 2459 nullis
380 2408 464 2459 verbis
484 2423 537 2479 pro
559 2426 704 2479 nusquam,
724 2404 772 2459 vel
789 2426 942 2479 nnnqrramr
972 2418 1000 2457 et
1015 2405 1150 2461 videnter:

139 2492 235 2565 etiam·
246 2491 325 2543 rerba
344 2490 506 2567 significare,
530 2509 599 2562 quae
614 2504 700 2543 certas
716 2509 768 2549 res,
791 2488 844 2542 linc
856 2488 913 2543 lolo
928 2490 1042 2543 nomine
1057 2488 1150 2563 appel·

138 2574 230 2634 latas,
253 2576 402 2652 deligatur,
444 2574 551 2631 Fateor,
572 2588 663 2628 tamen
690 2573 891 2647 expeditiorem
920 2572 973 2627 elie
1000 2588 1149 2647 receptam,

136 2658 235 2717 modo
257 2659 327 2710 ratio
349 2656 430 2710 reddi
444 2656 532 2730 pollet
547 2655 599 2711 νῦν
612 2661 640 2711 a'n
656 2660 736 2712 nullis
750 2659 843 2712 verln's.
887 2658 961 2714 Nam
976 2657 1053 2730 qnod
1063 2655 1150 2734 signi·

132 2748 248 2823 strator
260 2740 314 2819 legi
331 2742 406 2815 polle
421 2741 460 2793 ait
476 2743 589 2820 Regina,
603 2742 631 2795 id
647 2744 744 2797 [onum
760 2741 842 2796 habet
855 2742 1007 2801 insuavem,
1020 2743 1149 2815 sequente
1176 2806 1180 2811 Ι

139 2846 218 2885 mox
241 2842 366 2899 ponatur.
531 2846 564 2880 eo
585 2844 639 2881 non
661 2824 745 2903 ornisi.
789 2826 882 2882 Gnelf.
897 2843 993 2881 ernon
1008 2824 1149 2900 omiferr'm,

140 2911 225 2991 qaaod
242 2911 374 2971 asteriam
391 2911 420 2962 in
437 2905 560 2987 margine
576 2910 653 2964 Basrl.
696 2913 731 2965 Et
750 2931 803 2986 pro
820 2931 852 2965 eo
866 2911 948 2965 nauci
961 2930 1018 2964 nrm
1034 2910 1086 2970 est,
1104 2908 1150 2966 led

140 2994 280 3072 omiserim
302 2994 437 3068 praeierat
452 2992 567 3066 aliquia,
589 2995 655 3067 qnia
669 2995 762 3051 minna
777 2996 822 3049 hic
838 2994 919 3049 docet
933 2997 986 3068 Qu.
1003 3015 1086 3067 qnam
1101 2993 1150 3048 do·

141 3096 226 3139 ettam
243 3078 373 3132 admonet
388 3084 429 3145 (r,
444 3090 472 3148 4,
492 3083 559 3143 17),
576 3093 609 3130 nt
622 3079 752 3133 rideatur
770 3078 823 3135 lior
837 3080 871 3134 de
886 3079 967 3134 litera
980 3083 1006 3134 K
1018 3080 1070 3135 elle
1087 3097 1151 3133 oon·

141 3165 240 3223 filium
256 3163 348 3216 datum
364 3162 514 3241 magistris,
534 3162 762 3241 orthographiam
782 3163 984 3219 enarrantibus.

192 3362 267 3419 Nam
278 3361 488 3436 K-ponarnr.
503 3361 561 3415 vid.
569 3376 628 3417 not.
670 3381 705 3419 ne
722 3362 768 3416 cui
780 3360 939 3426 videret'ur,
960 3362 1028 3417 licut
1041 3360 1071 3415 in
1085 3361 1152 3416 diri·

144 3466 230 3525 mg.
245 3444 280 3499 ad
296 3467 321 3507 r,
337 3454 409 3519 4,9
431 3468 498 3519 qnae
522 3444 630 3521 etipsa
670 3446 769 3501 menda
791 3446 873 3501 litera
905 3468 918 3502 s
946 3444 1151 3502 vocabtilorttm

141 3562 192 3577 -
207 3546 271 3584 nora
284 3527 331 3605 est.
352 3590 359 3605 Ι
376 3529 435 3584 Sibi
450 3530 551 3583 conllat
567 3533 629 3605 Qu..
669 3529 789 3607 aruspex
807 3547 833 3584 et
848 3529 995 3607 abstemius,
1009 3530 1150 3605 duplicem

144 3618 220 3670 dnm
241 3615 355 3689 carptim
373 3629 469 3668 tractat
484 3614 630 3693 orthogra·
669 3617 806 3670 rationem
829 3614 1004 3689 sequebatur.
1034 3615 1064 3668 in
1090 3613 1151 3671 aliia

144 3699 261 3778 phiam,
283 3698 341 3772 qui,
356 3697 440 3772 paulo
456 3713 527 3759 ante,
542 3712 629 3754 totam
669 3700 764 3755 verbis
779 3699 896 3775 probare
910 3704 950 3763 K,
969 3701 1000 3755 in
1013 3697 1075 3754 aliia
1088 3696 1152 3771 reji-

145 3780 279 3861 perseqni
299 3782 370 3857 infra
388 3786 555 3856 grammatici
568 3780 630 3860 offi-
672 3803 748 3846 cere,
769 3802 835 3839 cnm
855 3803 968 3842 omnem
989 3786 1049 3862 ejua
1070 3785 1151 3840 trium

146 3870 220 3925 ciam
236 3866 288 3921 elle
303 3866 407 3921 dixerit
423 3867 467 3935 (l.
487 3870 526 3933 1.)
547 3882 575 3921 et
595 3888 630 3922 ne
672 3869 864 3945 proscriberet.

145 3950 325 4033 grammatici
347 3949 460 4023 quidem
475 3970 557 4006 omne
573 3951 631 4008 offi-

145 4037 226 4093 cium
242 4052 259 4088 a
274 4036 300 4091 le
313 4036 453 4109 expectari
471 4036 566 4108 jubeat
586 4036 629 4106 (t,
715 4056 775 4091 cam
791 4032 832 4113 fit
850 4036 873 4092 C
894 4037 936 4093 lte.
978 4036 1021 4096 Sit
1039 4035 1077 4095 est
1097 4050 1150 4113 pro

145 4131 178 4193 4,
196 4134 246 4187 η.
271 4139 297 4180 ι,
312 4132 341 4186 5,
357 4123 409 4193 7.).
455 4122 527 4178 Nam
547 4119 631 4185 dixit,
669 4140 689 4175 a
709 4137 747 4183 tr,
767 4117 876 4199 praesto
882 4119 933 4203 fit.

195 4234 276 4291 Tam.
292 4234 314 4289 l.
760 4236 797 4291 M
