2596 4710
469 272 807 345 PRAEFATIO.
933 304 938 309 ·
1048 296 1057 323 ³
1087 301 1142 351 nv

128 480 249 535 omne
291 456 514 535 tractandae
545 458 668 563 ipfius
705 458 946 539 desiderium
979 466 1135 543 exemit.

126 598 237 700 Quae
263 592 454 696 deinceps
476 596 605 696 prima
633 597 785 697 prodiit
802 596 1001 699 scriptoris
1022 626 1136 703 repe-

128 730 230 819 titio,
271 732 448 807 Venetiis
466 757 539 833 per
562 734 621 815 M.
646 734 864 809 Nicolaum
890 732 1134 825 Jensonium,
1207 794 1211 807 .

127 888 173 939 ea
206 866 388 965 primum
424 892 447 939 a
486 864 660 944 Gesnero
695 894 787 943 cum
820 870 981 967 vulgato
1019 886 1132 945 textu

129 1016 362 1101 comparata,
390 1002 493 1077 mihi
517 1028 681 1103 quoque
701 1000 929 1101 usurpanda
951 1002 1005 1078 est
1035 1029 1131 1081 con·

130 1130 301 1211 cellach
329 1138 520 1214 Henricio
547 1141 592 1213 V.
605 1140 661 1239 ,G-
701 1139 774 1236 qui
797 1134 946 1237 praeest
974 1135 1129 1214 scholae

129 1271 390 1373 Rnppinenfi.
477 1274 583 1351 Cum
619 1276 728 1348 enim
762 1271 953 1348 undecim
986 1270 1131 1345 abhinc

129 1406 241 1482 annis
260 1382 400 1484 'civitas
418 1405 489 1483 ista
513 1407 758 1495 acerbissimo,
775 1406 965 1485 incendio
983 1404 1131 1505 affiige-

129 1555 259 1633 1etur,
293 1542 414 1618 etiam
438 1540 570 1619 schola
594 1549 757 1643 ejusque
779 1544 930 1619 litereta
950 1538 1131 1641 supellex

127 1672 235 1765 arsit,
280 1679 490 1779 coepitque
516 1705 629 1779 aegre
657 1679 843 1778 deinceps
870 1677 1128 1777 popularium

129 1826 168 1885 et
180 1826 409 1889 exterorum
424 1838 588 1913 quoque
601 1810 801 1889 beneficiis
815 1810 979 1888 restitui.
1010 1814 1127 1885 Tunc

131 1946 249 2047 igitur
272 1973 346 2048 per
367 1950 576 2025 tn'bunum
600 1947 802 2048 quendam
826 1948 1036 2047 legionum
1052 1948 1128 2020 Bo'·

132 2080 352 2157 rnfficarum
373 2083 476 2158 liber
496 2081 650 2159 scholae
671 2079 920 2181 Ruppinenfi
950 2078 1031 2155 fuit
1053 2082 1128 2151 im-

132 2233 309 2315 petratus,
337 2215 651 2319 pretiofiffimum
674 2241 823 2291 munus
844 2212 1036 2291 Monachi
1055 2211 1129 2288 do·

133 2354 180 2427 cti
214 2358 260 2429 in
294 2356 522 2429 Franconin.
611 2350 868 2455 Splendidam
901 2348 1003 2424 hanc
1041 2346 1125 2421 edi-

131 2489 289 2578 tionem,
318 2485 385 2563 sed
401 2512 422 2561 a
440 2486 611 2565 Gesnero
634 2489 801 2585 aliisque
821 2485 907 2561 satis
925 2482 1124 2583 superque

131 2620 369 2726 descriptam,
395 2649 520 2723 aeque
542 2650 585 2698 ac
606 2622 797 2700 codicem
820 2620 1048 2696 Gothanum
1070 2618 1126 2688 ita

131 2756 328 2848 consului,
374 2775 421 2833 ut
457 2784 558 2858 quae
594 2755 813 2833 Gesnerum
841 2755 908 2830 vel
939 2745 1125 2851 sugillent

129 2895 192 2967 vel
213 2890 437 2968 fefellissent
457 2892 668 2993 diligenter
687 2908 877 2969 notarem.
935 2887 1125 2985 Reliqua·
1167 2938 1169 2943 μ

128 3054 230 3117 rum,
266 3029 413 3128 quibus
438 3025 527 3102 sum
549 3024 666 3115 usus,
697 3026 923 3101 indiculum
945 3022 1012 3097 hic
1035 3016 1125 3094 sub·
1277 3062 1282 3069 ·

124 3164 276 3259 jicinm,
307 3189 450 3265 pauca,
484 3161 558 3237 ubi
580 3156 712 3236 visum
737 3158 861 3238 suerit
883 3158 933 3236 de
957 3154 1144 3254 fingulaq

125 3325 219 3374 rum
244 3298 474 3375 conditione
499 3321 711 3399 exponens.

125 3568 297 3647 Tarvifii
317 3594 388 3672 per
408 3566 653 3669 Dionysium
674 3557 967 3643 Bononiensem
989 3582 1031 3632 ac
1057 3561 1128 3632 Pe·

183 3705 392 3803 regrinum
409 3709 494 3799 ejus
509 3701 673 3779 socium.
720 3702 839 3777 Auno
854 3702 904 3773 D.
914 3700 972 3773 Μ.
981 3695 1126 3772 CCCC.

186 3843 373 3913 LXXXII.
414 3839 492 3912 Die
526 3842 634 3915 xxu
666 3832 808 3915 mensis
845 3832 1036 3910 Octobris.
1088 3832 1128 3903 F.

184 3973 305 4048 Liber
328 3998 441 4050 meus
464 3970 530 4047 est.
661 4005 665 4011 ·
