2596 4710
93 354 96 359 ·
202 328 278 403 454
442 314 499 383 M.
526 316 627 383 FAB.
653 312 969 408 Qum'rlmnm

203 521 338 580 vetere
367 496 613 603 p'ersuafione
643 504 891 603 permanenti
926 503 1042 579 velut
1069 516 1215 604 peten-

204 619 256 695 da
283 616 328 691 fit
356 620 493 709 venia,
553 610 926 720 quaerendumque,
980 624 1073 725 Quo
1108 614 1214 693 moti

205 736 359 837 priores
404 756 491 809 rem
520 750 600 810 tam
637 731 712 809 late
751 726 878 811 frasam
917 751 998 810 tam
1033 734 1214 808 breviter

206 848 481 926 astrinxerint?
529 859 641 956 Quos
667 851 741 950 qui
765 847 901 925 erraffe
922 857 1090 951 putant,
1134 849 1214 924 hoc

99 1056 102 1061 Ι
204 962 360 1040 secutos
384 966 645 1053 arbitrantur,
675 960 788 1064 quod
813 967 858 1041 in
878 960 942 1042 his
959 963 1043 1040 fere
1064 956 1216 1038 versari

181 1095 297 1156 otum
323 1088 496 1156 oratores
518 1078 707 1155 videbant
714 1107 725 1169 ;
752 1104 846 1155 nam
871 1090 911 1157 et
930 1080 1065 1156 laudes
1087 1099 1134 1153 ac
1153 1076 1216 1155 oi·

208 1202 469 1291 tuperationer
483 1188 766 1282 scribebantur,
796 1211 835 1269 et
851 1201 1057 1289 ἐπιταφίους
1081 1190 1215 1269 dicere

208 1324 291 1382 erat
314 1310 460 1396 moris,
496 1324 535 1384 et
557 1305 781 1409 plurimum
796 1313 842 1383 in
856 1306 1028 1383 consiliis
1047 1334 1091 1381 ac
1106 1307 1216 1402 iudi·

142 1482 145 1493 .
208 1422 280 1497 ciis
293 1421 566 1500 insumebatur
584 1446 745 1524 operae3
773 1432 821 1498 ut
833 1417 1041 1521 scriptores
1055 1424 1216 1499 Artium

206 1563 282 1636 pro
328 1532 422 1614 solis
472 1537 848 1638 comprehenderint
893 1534 1267 1637 frequentiffimaut

183 1661 204 1718 6
211 1652 293 1755 Qui
332 1678 430 1728 vero
469 1648 710 1742 defendunt,
768 1654 845 1728 tria
882 1648 1035 1728 faciunt
1069 1676 1213 1753 genera

211 1765 461 1842 auditorum:
498 1789 652 1855 unum,
685 1764 799 1869 quod
824 1760 875 1842 ad
908 1766 1215 1843 delectationem

211 1884 442 1970 conveniat,
469 1878 660 1973 alterum,
688 1880 799 1983 quod
817 1880 1024 1958 confilium
1038 1878 1214 1983 accipiat,

210 1994 394 2085 tertium,
422 1998 535 2097 quod
557 1997 607 2073 de
631 1992 751 2076 oaufis
770 1994 929 2091 iudicet
987 1997 1098 2073 Mihi
1119 2022 1214 2075 cun·

212 2118 273 2184 cta
299 2106 461 2187 rimanti
487 2122 526 2189 et
549 2110 637 2190 talis
668 2106 863 2215 quaedam
884 2107 983 2189 ratio
1006 2105 1215 2201 succurrit,

212 2218 327 2326 quod
349 2246 469 2303 omne
496 2222 662 2305 oratoris
691 2220 886 2319 officium,
913 2236 983 2304 aut
1006 2224 1044 2301 in
1059 2227 1215 2327 judiciis

186 2330 289 2429 test,
324 2357 392 2415 aut
421 2356 536 2418 extra
551 2333 710 2441 judicia.
784 2340 956 2434 Eorum,
995 2334 1216 2444 dequibus

209 2452 363 2548 judioio
384 2459 611 2555 quaeritur,
636 2454 889 2535 manifestum
906 2478 1031 2559 genus
1052 2457 1131 2534 este
1162 2482 1216 2545 ea,

209 2590 313 2669 quae
335 2568 385 2644 ad
409 2568 583 2663 judicem
605 2596 690 2648 non
709 2570 898 2665 veniunt,
936 2589 1004 2648 aut
1027 2575 1216 2674 praeteri·

210 2674 300 2761 tum'
326 2680 475 2769 babent
493 2698 672 2789 tempus,
716 2704 784 2766 aut
813 2688 1021 2771 futurum:
1065 2700 1216 2790 praete·

212 2803 285 2873 rita
319 2796 527 2879 laudamus
553 2812 623 2879 aut
646 2807 938 2906 vituperamus3
995 2795 1216 2880 defuturis

185 2908 488 3007 odeliberamus·
555 2918 655 2993 Item
681 2917 816 2996 omnia
837 2918 887 2995 de
912 2918 1059 3019 quibus
1084 2913 1218 2995 dicen-

213 3028 313 3104 dum
327 3028 401 3119 est,
430 3043 500 3108 aut
513 3043 617 3108 certa
638 3028 711 3108 fint
727 3032 875 3109 neceffe
891 3030 964 3124 est,
992 3044 1060 3108 aut
1084 3027 1216 3111 dubia.

213 3138 347 3236 Certa,
379 3155 426 3222 ut
446 3144 593 3248 cuique
616 3148 673 3223 est
693 3150 868 3239 animur,
896 3147 1117 3225 laudatam
1135 3144 1219 3225 cul-

212 3276 302 3358 pat:
334 3280 382 3335 ert
402 3256 536 3339 dubiis
562 3266 708 3364 partim
729 3265 847 3342 nobis
871 3258 962 3366 ipfis
987 3262 1038 3338 ad
1058 3260 1218 3341 electio·

275 3456 529 3531 comprehenderint·
570 3453 665 3522 Gucii.
686 3455 944 3536 comprehenderent.
987 3456 1033 3516 Ne
1049 3458 1086 3514 fic
1101 3458 1218 3534 quidem

213 3538 292 3593 male.
470 3549 527 3598 rior.
552 3561 579 3600 et
601 3547 650 3600 tal.
694 3550 736 3601 lta
761 3545 854 3602 Guelf.
877 3556 904 3599 et
925 3542 1020 3600 Turio.
1045 3562 1111 3599 cum
1132 3544 1218 3600 Goth.

212 3618 287 3679 Vols.
308 3644 331 3677 1.
351 3634 379 3679 2.
399 3632 427 3693 3·
468 3626 552 3681 Beni·
568 3640 596 3683 ot
610 3629 672 3684 edd.
688 3644 752 3685 autc
768 3628 877 3704 Gryph.
900 3626 1031 3683 omuibus
1045 3632 1221 3702 praeteriit*

213 3705 293 3759 diunt
310 3718 338 3762 et
355 3710 518 3765 cervicum.
540 3715 591 3785 qui
614 3730 677 3767 cum
695 3713 898 3769 recentioribus
916 3714 1054 3767 omittunt
1075 3730 1120 3775 et,
1142 3712 1220 3785 quod

213 3786 389 3846 beceffarium
405 3787 450 3856 est,
471 3788 537 3867 quia
552 3797 635 3851 etiam
649 3791 729 3872 prim
743 3802 858 3872 positam
875 3796 1013 3852 rationem
1027 3799 1150 3875 agnoscit
1166 3799 1218 3870 Qu.

275 3876 314 3930 td
328 3876 489 3935 electionem·
533 3878 626 3939 Guelf·
642 3883 681 3938 od
695 3884 877 3940 delectionem
912 3884 1011 3944 Veneta
1028 3882 1220 3937 adlectionem

250 4056 304 4116 tu'u
320 4084 361 4106 -ε
375 4056 539 4123 auditorem·
584 4062 695 4127 Locum
778 4084 815 4126 acc
831 4061 919 4124 tutto
932 4068 1042 4141 partim.
1074 4070 1219 4123 sunum

210 4142 321 4202 Ariston
337 4148 404 4203 vida
418 4150 448 4204 iu
464 4158 530 4206 uota
546 4152 579 4207 ad
596 4155 620 4225 b
636 4167 662 4209 t.
734 4156 815 4211 vocis
838 4157 938 4229 partim
958 4150 995 4205 ett
1016 4164 1149 4226 tauquam
1170 4162 1219 4205 uo·
