2596 4710
215 409 290 477 310
451 388 509 459 Μ.
535 389 636 459 rm.
662 388 978 483 quarratam

215 578 370 678 alioqui
381 593 569 654 neutrum
589 575 672 652 line
689 578 811 655 altero
825 574 1000 655 sufficiet.
1058 584 1109 653 Et
1122 576 1226 658 ficut

215 695 394 771 hominis
412 709 522 772 ortus
537 719 585 768 ex
604 709 779 792 utroque
797 695 1049 795 gignentium
1068 693 1225 772 confer·

216 826 304 898 tur,
329 826 368 883 et
384 807 526 886 frustra
542 806 722 909 sparseris
736 806 904 897 semina,
933 807 1010 885 nisa
1026 810 1096 884 illa
1111 836 1225 911 prae-

215 926 396 1001 mollitus
424 922 573 1001 foverit
601 921 751 1000 sulcus:
794 926 849 999 ita
878 926 1108 1024 eloquentia
1137 952 1226 1004 coa·

217 1038 362 1115 lescere
384 1043 543 1139 nequit,
571 1038 648 1115 nifi
670 1038 811 1116 sociata
826 1039 1016 1123 tradentis
1030 1042 1225 1145 accipien-

92 1214 99 1225 .
217 1157 348 1255 tisque
371 1153 595 1231 concordia.

228 1476 231 1481 Ι
305 1389 351 1460 Χ.
382 1390 429 1460 In
446 1387 509 1462 his
527 1387 667 1486 primis
688 1384 894 1486 operibus,
921 1410 1022 1483 quae
1040 1410 1126 1463 non
1143 1385 1225 1488 ipsa

222 1525 344 1602 parva
368 1498 459 1576 sunt
482 1500 550 1575 sed
567 1506 764 1595 majorum
779 1496 887 1599 quasi
909 1501 1086 1575 membra
1106 1517 1226 1602 atque

184 1632 187 1637 ·
221 1632 370 1716 partes,
398 1616 500 1690 bene
521 1614 703 1691 instituto
727 1613 874 1691 aciatis
892 1619 1121 1707 exercitato,
1148 1623 1229 1713 jam

221 1729 305 1805 fere
324 1747 480 1831 tempus
497 1747 654 1832 appetet
675 1728 930 1830 aggrediendi
954 1728 1141 1809 suasorias
1165 1739 1229 1826 iu·

220 1843 462 1944 dicialesque
478 1850 676 1922 materias:
708 1871 878 1945 quarum
892 1863 1099 1944 antequam
1116 1849 1228 1924 viam

219 1960 446 2061 ingredior,
475 1987 599 2062 pauca
616 1962 720 2036 mihi
735 1960 786 2036 de
801 1958 885 2059 ipsa
904 1961 1150 2045 declamandi
1167 1989 1228 2037 ra-

220 2075 349 2171 tione
373 2074 540 2152 dicenda
577 2075 688 2152 sunt:
729 2082 839 2176 'quae
872 2076 1057 2173 quidem,
1094 2092 1140 2152 ut
1178 2102 1227 2153 ex

223 2191 413 2268 omnibus
427 2191 630 2269 noviffime
644 2195 825 2278 inventa,
856 2192 910 2264 ita
930 2192 1057 2267 multo
1074 2189 1130 2265 est
1145 2195 1292 2267 uti-162

198 2303 370 2381 ²liffima.
428 2309 534 2381 Nam
557 2323 596 2380 et
613 2322 752 2381 cuncta
773 2306 860 2392 illa,
887 2304 937 2378 de
956 2306 1103 2405 quibus
1125 2306 1230 2383 dixi:

221 2444 334 2508 mus,
359 2422 404 2495 in
432 2420 471 2495 se
502 2410 586 2496 fere
615 2423 813 2508 continet,
843 2437 881 2494 et
907 2422 1066 2497 veritati
1092 2425 1228 2523 proxi·

112 2599 114 2603 a
221 2559 329 2610 mant
356 2537 571 2636 imaginem
596 2536 750 2612 reddit:
782 2535 955 2635 ideoque
980 2537 1035 2608 ita
1051 2534 1107 2610 est
1127 2538 1228 2611 cele·

222 2649 352 2738 brata,
381 2667 427 2726 ut
451 2653 653 2752 plerisque
676 2651 882 2725 videretur
903 2650 951 2724 ad
976 2648 1227 2729 fonnandam

212 2766 494 2863 eloquentiam
514 2768 581 2841 vel
602 2765 684 2842 sola
707 2763 892 2839 sufficere.
952 2769 1100 2866 Neque
1118 2769 1226 2842 enim

221 2881 351 2955 virtus
380 2883 462 2955 ulla
491 2898 703 2982 perpetuae
733 2880 922 2956 duntaxat
953 2883 1141 2958 orationis
1164 2907 1226 2956 re-

223 2996 347 3094 periri
368 2995 513 3095 potest,
541 3023 641 3097 quae
664 3022 747 3071 non
772 2993 822 3070 fit
848 3022 940 3071 cum
966 2996 1039 3069 hac
1064 2996 1225 3072 dicendi

195 3110 480 3199 meditatione
508 3114 743 3188 communis.
796 3114 854 3186 Eo
881 3109 1046 3211 quidem
1069 3137 1129 3187 res
1153 3110 1223 3185 ista

279 3322 410 3402 sufficiae.
452 3326 545 3381 Grtelf.
569 3341 597 3381 et
618 3326 706 3382 Goth.
729 3326 801 3394 (tac.
825 3326 927 3400 Gerr.)
944 3324 1069 3404 sufficit,
1092 3345 1156 3381 eum
1179 3325 1228 3382 ali-

221 3425 293 3483 quot
316 3410 404 3466 Codd.
429 3426 457 3464 et
478 3411 540 3464 edd.
558 3426 625 3464 vett.
652 3429 719 3484 quae
737 3410 798 3464 vidi
816 3428 892 3464 omn.
935 3413 1074 3465 Videntur
1091 3425 1184 3466 tamen
1200 3426 1228 3466 et

219 3509 353 3568 receptae,
376 3513 445 3567 quae
461 3496 557 3568 ntique
573 3495 700 3569 praestat,
721 3494 773 3549 effe
786 3509 911 3549 auctores
927 3495 1015 3551 Codd.

284 3595 371 3651 anreq.
383 3609 422 3621 -—
438 3581 581 3652 ingredior.
608 3579 699 3633 Gueli.
712 3594 740 3632 et
754 3576 841 3633 Goth.
852 3579 987 3651 ingrediar
1002 3597 1066 3632 cum
1081 3591 1152 3633 vett.
1163 3577 1226 3634 edd.

221 3664 340 3720 urJens.
356 3668 427 3732 (tac.
443 3666 546 3732 Geta).
585 3667 687 3717 Utrum
702 3663 831 3737 praestet,
847 3682 898 3740 ego
914 3680 971 3716 non
986 3662 1118 3718 dixerim.
1149 3662 1225 3719 alm.

220 3746 327 3801 nolim
346 3747 495 3822 scripturae
511 3762 623 3809 auctor.
643 3766 728 3821 quam
743 3762 771 3802 et
787 3746 856 3803 Obr.
875 3745 932 3800 dat.

262 3894 397 3974 noviffinu
419 3904 535 3955 inventa.
564 3896 599 3953 ci.
621 3913 650 3959 2,
670 3908 700 3973 4,
783 3916 932 3972 perpetuae
948 3929 990 3942 -
1006 3904 1142 3956 orationis.
1164 3899 1226 3955 vid.

220 3988 397 4120 mandendum
427 4065 447 4119 i.
471 4085 495 4119 e.
517 4067 699 4141 freqrrentata,
743 3998 961 4122 f'ssjffjgong
1005 4066 1081 4125 Cum
1107 4069 1227 4124 Fraueio

217 4148 700 4222 ut10,1,96„1ambuanon-
741 4149 963 4225 (sedquidnon
976 4149 1087 4223 huici)
1105 4154 1228 4209 iumen·

216 4255 251 4298 „a
265 4233 403 4292 Romanis
418 4235 594 4291 cerebrm
741 4248 801 4291 tem
835 4236 1057 4295 venationum
1086 4236 1228 4319 corrigere
