2596 4710
328 300 452 369 msr.
481 296 620 370 omn
644 300 961 370 rnoomuom.
1103 325 1149 392 ιδ

149 503 346 563 aruerunt:
375 511 524 562 nomen
554 505 685 562 tamen
715 488 786 564 fibi
808 487 1149 572 insolentiffimum

149 619 441 703 arrogaverunt,
472 619 519 677 ut
535 601 609 679 loli
624 603 834 705 sapientiae
850 604 1012 682 studiost
1030 636 1149 686 voca-

149 736 304 794 rentur:
336 719 448 817 quod
467 744 599 816 neque
617 716 763 796 summi
778 723 1046 820 imperatores,
1077 750 1147 799 ne-

147 860 223 933 que
245 835 289 908 in
308 833 481 909 confiliis
505 860 641 908 rerum
666 837 927 910 maximarum
955 863 998 910 ac
1024 841 1148 914 totius

148 946 479 1025 administratione
496 951 738 1048 reipublicae
752 949 1044 1048 p1·aeclarilsmre
1058 978 1148 1028 ver·

147 1060 233 1151 lati,
262 1062 336 1136 libi
351 1090 532 1162 mrquam
549 1064 752 1138 vindicare
772 1063 864 1138 lunt
882 1064 972 1139 aust.
1030 1070 1145 1141 Face-

147 1205 188 1255 re
209 1181 316 1255 enim
346 1182 513 1279 optima,
553 1205 671 1278 quam
696 1181 948 1280 promittere,
994 1182 1145 1255 malue-

146 1310 244 1369 runt.
303 1296 360 1369 Ae
377 1311 559 1370 veterum
583 1294 748 1394 quidem
763 1292 973 1394 sapientiae
995 1293 1193 1396 profes-1⁵

147 1407 275 1485 [orum
302 1412 450 1486 multos
481 1426 520 1484 et
550 1408 712 1485 honesta
738 1408 993 1511 praecepille,
1034 1427 1074 1485 et
1098 1427 1147 1487 ut

147 1543 446 1627 praeceperunt,
476 1527 593 1599 etiam
620 1522 773 1614 vixisse,
813 1525 929 1601 facile
953 1523 1146 1602 concelle-

146 1642 238 1715 rbn:
266 1638 410 1717 nostris
432 1667 528 1716 vero
548 1643 795 1740 temporibus
812 1641 886 1717 tub
909 1643 987 1719 hoc
1011 1644 1144 1719 nomi·

147 1782 193 1830 ue
204 1758 374 1830 maxima
391 1760 433 1830 in
448 1749 649 1857 plerisque
667 1759 764 1831 vitio
780 1758 992 1833 latuerunt.
1042 1761 1141 1833 Non

145 1874 248 1947 eninr
272 1874 423 1946 virtute
445 1898 487 1945 ac
504 1869 643 1946 studiis
655 1927 678 1960 „
694 1889 741 1947 ut
756 1872 994 1947 haberentur
1008 1873 1142 1973 philo·

146 1982 273 2087 tophi,
305 1988 554 2074 laborabant,
582 1983 650 2060 sed
664 1988 846 2076 vultum,
872 2002 912 2061 et
935 1986 1141 2076 tristitiam,

144 2116 180 2173 et
198 2098 488 2176 dillentientem
506 2104 673 2176 aceteris
689 2101 1044 2202 habitumpeffimis
1055 2130 1143 2177 mo-

127 2216 248 2293 nibus
262 2218 579 2317 praetendebant.
639 2221 744 2292 Haec
762 2233 895 2292 autent
914 2242 1014 2319 quae
1029 2202 1188 2294 velunt
1211 2214 1213 2219 ’

193 2435 273 2488 llaec.
319 2432 365 2486 Sic
380 2431 456 2486 Alm.
480 2431 649 2493 Ponllainii‚
671 2431 777 2503 Rodloj.
803 2434 877 2489 Voll.
897 2447 925 2486 2.
944 2447 972 2500 5.
1002 2446 1030 2485 et
1055 2430 1140 2488 Goth.

144 2516 227 2573 coda.
242 2516 308 2572 Ald.
326 2532 444 2588 utruque
460 2532 486 2570 et
504 2519 662 2574 Obreclrtus
686 2518 799 2571 lortalle
824 2537 838 2570 e
855 2517 957 2572 Codice
973 2520 1142 2592 Argentora-

143 2604 213 2656 tenst.
254 2600 383 2672 Plerique
407 2617 434 2653 et
456 2602 512 2674 ipse
538 2602 617 2657 Gelu.
640 2602 728 2656 Nunc.
777 2600 975 2654 Lochmarmus
998 2602 1033 2655 V.
1055 2602 1087 2654 C.
1110 2601 1140 2654 in

143 2700 343 2764 programmate
359 2683 484 2762 Coburgi
497 2696 576 2755 178ss
588 2686 665 2741 edito
689 2706 717 2760 p.
741 2699 759 2749 7
781 2684 926 2738 rectissime
941 2697 1053 2743 monet,
1076 2702 1141 2738 cum

178 2859 342 2929 promittere.
385 2853 464 2907 Idem
479 2852 533 2909 lroc
544 2854 621 2928 quod
654 2850 770 2929 pulchre
792 2850 839 2905 hic
857 2869 892 2905 ex
908 2850 968 2926 ipso
986 2867 1082 2927 etymo
1100 2853 1141 2907 di·

143 2941 272 3015 pofiterb
294 2935 525 3007 ἰπαγγίλλισθαι,
547 2937 622 2993 unde
655 2953 740 2991 ctum.
788 2937 920 2991 Ceterum
940 2937 1077 2994 invidiam
1100 2939 1139 2991 fa-

142 3024 223 3076 etiarn
249 3042 319 3076 mox
341 3022 518 3099 profestorum
547 3042 624 3076 men·
656 3022 695 3075 cit
718 3019 888 3095 plrilolophie
914 3019 943 3074 h.
963 3020 981 3075 l.
1006 3022 1065 3076 lane
1081 3042 1139 3075 non

142 3106 196 3170 ring
222 3107 329 3159 dicitur
352 3123 445 3158 autem
470 3107 504 3160 de
520 3107 556 3160 iis
573 3105 624 3181 qui
657 3108 711 3158 sme
727 3104 839 3158 consilio
856 3103 984 3179 placendi
999 3106 1139 3161 Domitia·

94 3250 96 3261 ¹
141 3193 260 3245 lindiam
277 3190 622 3266 aliquodauttrtemprae
655 3209 709 3249 no.
734 3189 785 3261 qni
809 3208 855 3244 eos
880 3205 908 3243 et
935 3189 1004 3244 urbe
1017 3204 1043 3243 et
1061 3189 1141 3242 ltalia
1230 3186 1233 3193 ’

94 3268 96 3331 l
140 3277 285 3330 [eferunt.
654 3273 814 3348 expulerat;
836 3292 890 3345 qua
911 3272 945 3326 do
969 3292 998 3325 re
1023 3273 1137 3325 liberius

94 3354 96 3387 ³
176 3359 322 3435 tristitiam.
367 3358 517 3431 Proprium
538 3377 619 3412 voca·
653 3358 708 3410 luit
729 3356 866 3429 Sulpiciae
888 3357 1015 3409 Poe'triao
1039 3356 1139 3427 judici-

139 3442 235 3498 bulum
256 3443 291 3497 de
312 3443 433 3495 allectam
450 3461 562 3496 morum
581 3445 619 3497 se·
652 3461 702 3494 mn
732 3441 763 3493 in
789 3442 900 3511 Sation
940 3440 983 3493 sed
1016 3455 1043 3493 et
1072 3440 1140 3493 tuti.

137 3530 263 3583 veritate.
307 3527 508 3584 SicJuveualie
525 3527 556 3578 iu
573 3547 618 3585 eo·
653 3544 699 3585 ne,
728 3524 878 3577 interemto
893 3523 1002 3577 lortaffe
1020 3539 1138 3596 tyranno

136 3614 253 3666 modern
270 3611 413 3664 irrilione:
436 3612 524 3684 „Quis
543 3612 618 3664 euim
652 3607 811 3667 scribentis,
849 3606 897 3661 vel
927 3626 1037 3662 otrmen
1059 3610 1139 3662 edeu-

137 3718 210 3759 ..nott
234 3695 317 3751 vicus
340 3694 460 3749 abundat
489 3697 536 3750 'l'ri
549 3696 619 3750 tibus
655 3695 699 3748 tie.
743 3696 787 3748 Ex
800 3691 1005 3749 Dodwellianis
1023 3693 1139 3766 quidem

133 3782 307 3843 ..obscenior
344 3782 398 3833 Sat.
426 3796 453 3841 2,
480 3788 508 3849 8.
533 3797 562 3854 9.
593 3794 621 3835 et
653 3778 824 3836 rationibus,
875 3776 998 3848 (Annalt
1040 3777 1137 3850 Quint.

134 3872 225 3921 noller
242 3869 280 3924 11,
298 3885 326 3933 r,
339 3875 386 3935 5³4.
410 3863 522 3917 barbam
538 3869 620 3919 eteri-
654 3865 679 3931 b.
699 3862 770 3927 26.)
794 3878 857 3915 anto
880 3862 952 3915 illud
978 3862 1138 3916 Domitiani

129 3950 233 4027 finiam
260 3948 373 4025 jtmgit,
403 3968 484 4026 agens
513 3949 617 4002 iterum
652 3947 792 4009 edit-tum,
814 3946 924 3999 smitam
938 3946 994 4019 jam
1019 3961 1077 4001 erat
1096 3961 1137 3999 to·

130 4038 165 4091 de
202 4034 400 4111 ostentantibus
429 4055 466 4087 eac
499 4030 619 4109 proftffo
654 4047 715 4084 tum
739 4031 793 4085 hoc
823 4049 901 4104 opus.
952 4034 1020 4086 Nou
1045 4046 1138 4084 tamen

128 4116 345 4199 philosophiam.
409 4118 619 4172 Praeteudebaut
654 4116 717 4171 latis
741 4134 827 4194 grove
851 4112 966 4171 videtur
990 4131 1137 4193 argumen-

153 4194 157 4199 '
891 4196 896 4221 t
973 4212 983 4219 .
