2596 4710
264 382 269 392 '
312 400 435 469 ansa.
461 399 669 470 onarou
694 400 785 471 ata.
809 402 863 488 11,
890 423 947 472 ιο.
1058 420 1132 489 315

128 566 331 662 debemus.
386 588 493 661 Nam
524 605 565 664 et
597 590 647 666 iis
675 590 915 679 actionibus,
954 615 1055 690 quae
1084 594 1176 672 inu

129 703 262 803 aliqua
280 701 360 776 fine
375 701 501 780 dubio
515 707 679 779 veritate
695 703 918 796 versantur,
955 703 1023 781 sed
1039 704 1132 781 sunt

129 817 179 893 ad
203 819 438 919 popularem
465 836 612 920 aptatae
638 819 957 911 delectationem,
995 824 1132 919 quales
1178 889 1184 901 .

128 935 298 1034 legimus
320 938 599 1035 panegyricos,
629 951 838 1035 totumque
862 937 940 1013 hoc
965 936 1133 1014 demon·
1243 976 1251 1013 ·.

128 1046 335 1126 strativum
364 1042 521 1149 genua,
545 1053 791 1151 permittitur
818 1051 1006 1126 adhibere
1037 1054 1130 1152 pluo

129 1166 279 1253 cultus,
316 1191 559 1266 omnemque
588 1183 711 1242 artem
740 1169 866 1266 (quae
895 1163 1015 1242 latere
1046 1168 1132 1267 ple-

128 1304 299 1379 rumque
314 1283 357 1354 in
373 1281 532 1373 judiciis
548 1282 689 1381 debet)
704 1307 789 1357 non
803 1279 1131 1371 confiterimodo,

128 1391 196 1469 sed
211 1393 402 1471 ostentare
421 1399 537 1471 etiam
558 1398 791 1472 hominibus
804 1399 849 1472 in
865 1398 943 1473 hoc
963 1395 1131 1472 advoca·

128 1511 188 1585 tis.
247 1517 376 1616 Quare
396 1510 647 1602 declamatio,
675 1515 866 1612 quoniam
885 1494 1177 1605 estjudicio-12

128 1650 220 1702 rum
233 1622 569 1728 consiliorumque
586 1628 736 1731 imago,
762 1625 898 1704 similis
919 1623 992 1702 else
1014 1627 1132 1701 debet

130 1742 305 1817 veritati:
337 1745 528 1841 quoniam
551 1760 685 1820 autem
707 1742 861 1842 aliquid
884 1745 930 1818 in
952 1740 991 1815 se
1013 1742 1133 1817 habet

130 1968 170 2023 sat
182 1966 279 2025 multia
292 1969 485 2032 inveniretur,
507 1972 626 2047 arripuit
643 1971 798 2030 Gesnerut.
821 1972 861 2032 le,
880 1971 949 2044 quid
966 1971 1031 2026 ellat
1052 1972 1133 2029 incia·

130 2073 203 2109 mare
221 2053 251 2109 h.
268 2052 306 2116 l..
326 2074 385 2109 non
408 2056 511 2129 assequi
532 2055 676 2111 consessus.
721 2056 813 2111 Miror
828 2070 937 2116 tamen,
956 2070 1132 2130 nequeputo
1166 2064 1172 2085 ⁶

128 2137 274 2212 inspexisse
301 2159 382 2201 eum,
412 2159 495 2213 quem
518 2142 634 2214 Cappcr.
658 2124 751 2217 citati,
768 2138 932 2196 Cresollium
959 2140 990 2192 iu
1017 2140 1131 2196 Theatr.

130 2222 202 2277 rhet.
217 2241 245 2298 p.
264 2224 431 2290 353—56.
453 2224 520 2297 qni,
542 2226 588 2278 etsi
603 2224 637 2278 de
654 2243 684 2279 re
699 2222 794 2278 critica
808 2242 866 2277 non
883 2223 1023 2285 laborant,
1045 2223 1133 2300 pluri·

131 2306 210 2360 timia
234 2323 364 2363 veterum
386 2309 471 2368 locis,
499 2311 529 2362 in
553 2323 670 2381 utraque
692 2307 805 2386 lingitu,
825 2307 942 2364 ostendit
964 2308 1044 2363 unice
1069 2307 1131 2363 loco

130 2391 224 2446 nostro
239 2396 388 2446 convenire
403 2410 548 2466 receptam.
592 2395 739 2449 inclamare
754 2392 841 2466 (quod
857 2394 912 2464 jana
922 2392 996 2447 vidit
1013 2395 1134 2472 Regius)

131 2474 168 2529 esi
187 2474 261 2545 pasya
274 2474 464 2549 φθέγγεσθαι,
485 2475 641 2551 vociferari,
670 2492 698 2531 et
719 2477 867 2550 usurpatur
886 2476 933 2531 laic
952 2496 968 2528 a
990 2480 1044 2548 Qu.
1067 2496 1133 2531 cum

131 2560 252 2633 quodam
267 2578 422 2616 contemtus
437 2561 545 2622 colore,
565 2564 638 2634 quasa
655 2561 743 2616 dicat:
765 2560 896 2616 debemur
911 2562 971 2616 lane
987 2560 1133 2635 paululum

132 2643 307 2706 debacchari,
329 2663 361 2700 ut
376 2646 551 2700 auditoribus
566 2646 729 2720 placeamus.
772 2646 817 2700 Sic
837 2646 900 2713 (etfi
913 2648 1011 2706 rarius,
1034 2661 1061 2699 et
1075 2647 1133 2699 fere

133 2727 168 2781 de
193 2747 246 2802 ope
268 2731 441 2804 imploranda
463 2745 512 2783 aut
535 2730 744 2802 conquerendo)
765 2745 793 2783 et
818 2729 885 2783 alibi
909 2728 1022 2808 legitur.
1064 2728 1132 2783 Tale

134 2812 208 2865 enirn
224 2814 280 2869 sere
296 2816 331 2868 est
349 2834 395 2875 ιι,
412 2829 439 2881 3,
460 2829 514 2879 172
531 2812 564 2866 de
576 2816 709 2871 Cicerone
722 2816 815 2886 „quasi
830 2815 981 2868 inclamaret
994 2829 1043 2869 aut
1059 2814 1136 2867 testa·

131 2909 254 2957 .,retnr“
269 2918 426 2971 quanquam
441 2898 525 2953 video
540 2898 572 2950 ad
589 2899 707 2952 Albanos
721 2899 836 2953 tantulos
851 2899 926 2972 posse
942 2898 1048 2959 referri.
1063 2916 1134 2970 quoa

133 2982 295 3044 inclamarit,
319 2984 362 3037 sed
383 2999 411 3037 et
432 2982 473 3036 ibi
488 2981 575 3036 Goth.
591 2984 744 3041 inclinaret,
765 2981 898 3055 pessime.>
928 2982 986 3038 cic.
1003 2984 1036 3036 de
1054 2984 1135 3039 Orat.

138 3085 162 3127 ι,
184 3078 233 3133 53.
256 3087 357 3129 „nenio
379 3070 530 3121 inclamavit
551 3079 752 3140 patronorum‘
774 3065 945 3119 intransitive
966 3082 992 3125 er
1013 3066 1136 3121 absolute

133 3151 216 3204 etiarn
232 3148 295 3211 ille,
316 3170 473 3224 quanquam
488 3151 576 3224 potesl
589 3151 623 3203 de
639 3169 714 3203 utera
730 3148 840 3222 querela
856 3150 957 3223 accipi.
977 3148 1136 3221 cujusmodi

133 3233 217 3289 verba
241 3236 327 3289 multa
352 3234 536 3290 circumstant.
578 3232 721 3303 Bentlejus
743 3236 840 3287 llorat.
863 3236 916 3287 Sat.
947 3253 972 3294 r,
996 3252 1031 3307 9,
1057 3234 1096 3301 76
1120 3254 1137 3289 e

134 3317 222 3373 Codd.
245 3320 364 3374 restitnit
383 3322 512 3375 liniamur
532 3337 584 3392 pro
602 3319 752 3372 Exclanrat.
794 3317 847 3373 Sed
868 3317 921 3370 hoc
941 3317 1031 3391 ipsum
1051 3318 1135 3373 simili

134 3404 207 3457 seusu
233 3406 357 3478 usurpati
380 3420 454 3458 recte
475 3419 570 3457 monet
592 3400 740 3457 cratolliua
758 3400 780 3459 l.
803 3421 826 3456 c.
854 3416 886 3454 ut
907 3421 974 3455 mox
999 3423 1014 3455 a
1043 3403 1135 3457 nostro

134 3506 155 3540 c.
176 3506 221 3548 ιι,
238 3503 255 3542 2
270 3489 328 3549 „Hi
343 3488 540 3563 (professores)
556 3486 644 3541 multa
659 3486 739 3540 etiam
755 3486 891 3539 memoria
905 3485 988 3564 digna
1001 3488 1136 3542 extima·

133 3585 274 3631 „nerant‘·
304 3575 442 3632 sassinate,
457 3572 583 3646 potestate
598 3570 761 3625 deflectendi
776 3590 791 3624 a
804 3583 878 3625 reeta
893 3571 948 3631 via,
962 3590 1045 3644 quant
1060 3560 1136 3626 recte

135 3654 335 3731 interpretetur
356 3659 507 3717 siclaetus,
532 3655 660 3727 equidem
685 3657 783 3708 nescio.
835 3655 963 3709 Ceterum
994 3674 1072 3710 error
1099 3656 1135 3711 eli

135 3742 352 3816 Capperonnerii
366 3741 440 3795 illm.
459 3739 527 3796 Cod.
544 3740 636 3793 testem
653 3740 761 3792 citantis
783 3740 981 3813 proscripturit
996 3741 1135 3801 inclinare,

133 3844 223 3898 neque
240 3829 314 3881 ctrina
336 3829 526 3882 Burmannus,
549 3825 598 3895 qui
622 3824 691 3878 solus
709 3822 843 3885 contulit,
864 3824 923 3895 eju·
939 3824 1005 3878 lacit
1018 3826 1137 3879 tuentio·

132 3928 205 3964 nem.
251 3913 365 3965 Tutia..
388 3930 470 3983 quent
495 3909 691 3987 Salabergerut
716 3928 778 3962 cum
804 3908 846 3961 ed.
868 3910 948 3965 Gela.
975 3910 1134 3969 contendit.

133 3990 235 4049 siletur.
280 3998 317 4049 Ut
336 3996 380 4048 bic
395 4002 447 4065 Qu.
466 3997 621 4052 inclamare,
643 3994 681 4045 ita
702 3997 822 4048 intonare
837 3996 871 4049 L.
887 3996 986 4049 Seneca
1003 3996 1085 4050 conl.
1103 3992 1136 4047 ad

132 4076 231 4153 Polyb.
246 4097 274 4155 p.
295 4079 350 4133 162
369 4081 451 4152 (Rip.
469 4080 504 4135 V.
525 4083 562 4144 t.)
585 4093 708 4151 „quanto
724 4077 822 4152 spiritu
837 4082 981 4134 intonueris
996 4110 1036 4121 -
1051 4079 1136 4154 pude-

131 4160 193 4225 „bit
208 4193 251 4207 -
269 4182 304 4218 ex
326 4179 402 4219 tanta
425 4165 552 4218 orationis
573 4163 755 4239 magnitudine
775 4161 928 4227 decidere,“
948 4182 1039 4239 neque
1059 4162 1136 4217 eninr

132 4246 167 4303 de
183 4248 226 4303 in
240 4245 282 4304 ibi
297 4246 489 4328 cogitantium.
