2596 4710
306 294 430 364 INST.
458 294 666 364 ORATOR.
693 296 785 365 LIB.
811 296 885 383 111,
908 295 942 367 6.
1052 305 1129 385 477

128 496 197 557 tur
210 480 327 557 ducto
342 482 409 557 vel
425 507 473 557 ex
491 508 558 571 eo,
587 479 700 583 quod
722 480 782 557 ibi
797 478 851 557 'lit
868 483 1024 582 primus
1040 504 1131 558 cnu-

128 593 190 670 sae
212 594 456 697 congrellus,
485 600 552 675 vel
574 596 685 698 quod
702 598 748 672 in
769 595 848 673 hoc
871 594 984 673 causo
1006 592 1131 673 confi·

128 708 210 785 stat.
269 716 318 786 Et
341 714 517 789 nominis
542 712 827 813 quidemhoec
849 712 988 813 origot
1019 734 1131 787 nuno

127 825 232 925 quid
261 824 316 901 fit.
388 829 540 907 Statum
567 828 732 929 quidam
753 826 941 902 dixerunt
959 830 1132 925 primam

128 935 334 1051 cansarum
366 939 656 1046 conflictionem:
708 968 808 1044 quos
836 957 941 1017 recte
968 924 1131 1031 lenfille,
1216 998 1225 1022 .

127 1082 269 1156 parum
294 1056 471 1133 elocutos
482 1075 604 1159 ,puto
675 1059 776 1133 Non
799 1058 909 1133 enim
934 1054 989 1130 est
1010 1053 1159 1134 [intuso

126 1173 256 1272 prima
274 1168 493 1260 conflictio,
522 1168 685 1278 Fecisti,
709 1198 784 1248 non
796 1166 906 1277 feci:
934 1168 1005 1245 led
1021 1167 1135 1271 quod

128 1312 177 1361 ex
197 1288 324 1386 prima
348 1284 603 1363 conflictione
621 1284 812 1375 nascitur,
849 1284 895 1359 id
922 1282 979 1358 ost
1007 1309 1134 1385 genus

128 1400 387 1501 quaestionis,
430 1396 596 1507 Fecisti,
634 1427 708 1477 ιιοιι
722 1395 847 1504 secit,
888 1426 941 1473 an
957 1393 1134 1505 fecerit?

128 1520 219 1593 Hoc
225 1510 368 1623 fecisti
375 1572 385 1604 ,
414 1543 488 1593 non
506 1511 685 1625 hocfeci,
712 1510 993 1621 quidfecerit?
1027 1516 1134 1619 Quin
1230 1599 1233 1605 ,

128 1656 180 1707 ex
201 1631 264 1707 his
285 1647 461 1731 apparet,
491 1630 597 1707 illud
613 1638 860 1724 conjectura,
884 1618 962 1704 hoc
982 1624 1130 1705 linitio·

127 1771 180 1822 ne
210 1746 503 1844 quaerendum
566 1762 683 1847 atque
706 1747 750 1817 in
772 1769 820 1820 eo
846 1769 936 1844 pars
962 1759 1135 1844 utraque

129 1855 290 1969 insistit:
331 1863 406 1935 erit
430 1859 605 1961 quaestio
634 1859 916 1957 conjecturalis,
949 1861 1016 1933 vel
1033 1856 1135 1967 fini·

130 1981 223 2064 tivi,
255 1973 383 2052 status.
443 1975 553 2081 Quid
576 1974 606 2051 fi
627 1977 735 2051 enim
751 1975 856 2050 dicat
868 1975 979 2074 quis,
1010 1974 1163 2051 Sonuso

193 2242 258 2297 Non
278 2262 320 2297 en.
341 2238 390 2319 esi.
430 2243 495 2299 Hoc
514 2241 613 2299 ordine
632 2240 726 2300 Gneli
748 2255 776 2298 et
798 2240 884 2299 Goth.
904 2259 970 2298 etim
990 2239 1054 2297 etd.
1069 2254 1136 2301 tm

131 2327 242 2401 Gry-ph.
267 2326 406 2384 omnibue.
455 2329 633 2383 Recentioret
655 2330 718 2384 Non
738 2324 777 2401 est
799 2347 841 2382 en.

196 2409 299 2488 infifiit.
349 2411 605 2469 continenti
627 2413 723 2469 Turio.
747 2410 881 2487 institerit.
938 2408 1032 2474 Male,
1068 2424 1135 2467 otto

130 2514 225 2549 errore
248 2515 282 2549 ex
305 2495 444 2570 sequenti:
474 2501 533 2552 eric.
723 2494 840 2575 Quidsi
861 2518 903 2550 en.
945 2498 1012 2551 Hoc
1033 2495 1135 2551 ordine

131 2578 239 2639 Cocld..
261 2595 340 2653 puto,
362 2596 468 2635 omnen.
509 2580 561 2636 Sed
577 2579 639 2635 ecld.
654 2581 692 2635 lat
705 2579 811 2635 multae
834 2582 939 2634 iuniore
955 2580 1045 2658 Regio
1065 2585 1137 2637 enim

128 2678 309 2719 antevortunt
323 2661 361 2733 τῷ
375 2666 404 2719 li.
447 2664 592 2720 Accedunt
605 2666 769 2721 Bormanon
784 2664 944 2719 memoratis
958 2665 1135 2719 imitare.

129 2747 194 2804 Ald.
237 2751 300 2802 Hoc
322 2748 467 2803 constituto
491 2748 589 2803 ordine
611 2748 749 2826 eleganter
769 2747 810 2801 ita
831 2747 977 2802 dirimitur
999 2767 1014 2801 a
1038 2748 1137 2804 cervi-

132 2851 218 2887 corno
234 2830 351 2906 ollisqne
360 2833 463 2886 oratio:
486 2832 684 2905 „Quidenim‘i
706 2836 784 2886 n—
801 2832 959 2895 conllicti03
980 2844 1133 2887 erret·‘cet.

129 2916 184 2970 Sed
199 2916 317 2970 nostram
332 2914 544 2969 collocationem
559 2930 667 2991 praeter
685 2915 773 2971 Codd.
788 2929 816 2969 et
829 2915 891 2969 edd.
907 2916 1074 2971 recentioree
1089 2916 1136 2971 cle·

129 3000 220 3053 lenilit
232 3002 304 3058 Jenl.
322 3018 451 3074 qnoque;
473 3000 504 3051 in
518 3018 573 3072 qnn
587 2998 683 3059 aliter,
704 3018 735 3052 nc
750 2999 818 3057 feci.
839 2999 915 3074 polle
927 2999 1026 3053 dirimi
1039 3000 1135 3061 verba.
1182 3020 1185 3025 ·

129 3084 260 3155 equidem
270 3103 326 3137 non
335 3099 414 3158 puto.
438 3082 1048 3158 GesnerutBurmnnnietCapper.rntionem.
1063 3103 1135 3157 quae

130 3166 167 3220 cll
184 3187 251 3227 nnn,
273 3168 409 3228 desernit,
431 3166 512 3221 colon
529 3185 634 3241 ponent
647 3166 706 3242 poll
720 3167 800 3239 confi.
843 3169 944 3222 Fateor
964 3166 1069 3222 ossendl
1090 3184 1137 3222 me

128 3252 186 3305 iliis
203 3256 287 3311 enim,
317 3253 388 3307 mire
404 3253 551 3330 geminatis
567 3253 596 3305 in
611 3251 674 3307 loco
688 3251 789 3307 nollro.
832 3252 953 3329 Legitur
974 3267 1073 3324 quater
1092 3252 1137 3305 in·

129 3350 172 3389 tro
188 3354 245 3387 non
261 3337 299 3389 ita
313 3336 402 3390 mnltn
422 3336 515 3391 verba.
560 3339 616 3391 llic
635 3341 703 3392 enim
726 3339 825 3410 spectat
840 3336 875 3392 nd
888 3335 935 3398 id.
956 3336 1034 3409 quod
1047 3333 1135 3392 modo

128 3417 247 3497 negabat
259 3416 357 3475 ilatum
374 3422 425 3477 elle
440 3421 564 3496 primam
581 3421 798 3479 conflictionem.

171 3622 272 3701 consor.
292 3627 407 3697 conflict.
439 3628 484 3684 Cf.
502 3628 560 3683 cic.
576 3628 610 3683 cle
651 3625 697 3684 Ad
719 3627 803 3701 ipsein
828 3625 990 3683 sententiaro
1002 3623 1079 3699 quod
1093 3638 1133 3681 tt·

128 3710 192 3764 inv.
212 3730 236 3769 ι,
260 3723 307 3779 15.
330 3710 361 3764 it.
379 3713 488 3767 Partito
498 3714 565 3771 Ort.
588 3732 611 3767 c.
653 3711 731 3772 tinet,
747 3710 848 3767 Badius
864 3710 965 3765 enotie
975 3709 1074 3767 codici
1084 3711 1133 3765 luo

132 3807 182 3867 29.
208 3808 256 3862 30.
287 3814 447 3868 quanquam
472 3795 515 3851 ibi
538 3794 613 3851 nihil
652 3796 792 3871 ascriptis,
826 3815 894 3868 quoe
924 3810 1006 3871 putet
1028 3793 1132 3857 Velloc.

131 3876 166 3931 cle
186 3882 273 3951 prima
288 3880 473 3935 conflictione.
652 3880 739 3935 refert
774 3880 868 3937 icium
903 3878 1134 3935 observationem.

176 3964 248 4040 (luia
272 3994 307 4005 -
332 3966 392 4020 erit.
433 3964 480 4021 Ab
500 3967 551 4021 erit
568 3982 614 4019 oe·
652 3963 813 4021 Arinotne·
834 3964 909 4017 enim
935 3963 971 4019 cle
991 3965 1093 4019 Anime
1116 3961 1136 4019 l.

129 4043 192 4099 ‹liro
208 4046 346 4119 apodosin.
654 4063 672 4103 ι
689 4054 729 4123 (p.
739 4047 816 4125 sylb.
826 4058 867 4119 58
877 4054 966 4122 exte.)
981 4049 1021 4104 nit
1036 4048 1092 4109 hie,
1105 4068 1138 4104 ee

173 4129 285 4209 {luialfi
301 4151 343 4185 en.
386 4128 447 4187 vid.
463 4146 521 4186 not.
539 4131 610 4189 Ctit.
653 4133 745 4191 utitur
767 4134 948 4195 delinitione,
978 4152 1063 4207 qinein
1086 4135 1140 4186 im·
