2596 4710
329 376 453 447 msT.
481 375 689 445 onnon.
716 377 806 444 Lm.
832 376 904 462 111,
932 379 965 446 ε.
1031 480 1035 487 Ι
1068 396 1139 462 521

143 568 312 661 tatum),
341 566 669 650 ratiocinativum,
698 558 985 667 unibignitatii‚
1012 562 1150 670 legnm'

143 683 433 754 contrariarznn.
466 679 664 767 Albutius,
681 678 817 751 eadem
833 677 1028 756 divilione
1039 677 1190 768 uius,62

146 795 318 868 detrahit
345 794 658 882 translationem,
703 791 914 886 subjiciens
939 820 1025 869 eam
1049 797 1148 886 iuri·

145 909 288 983 dieiali.
372 914 420 983 ln
440 909 631 1007 legalibus
654 934 818 1008 quoque
850 907 1149 1009 quaestionibus

147 1026 308 1099 nullum
327 1040 440 1124 putat
457 1022 549 1112 ell'e,
578 1026 650 1122 qui
668 1024 823 1098 dicatur
847 1030 1145 1101 ratiocinativus.

147 1142 235 1213 Scio
258 1140 374 1238 plura
393 1141 630 1214 inventuros
654 1139 804 1227 adhuc,
834 1141 1061 1239 quiflegere
1081 1166 1149 1213 an·

148 1255 280 1354 liquos
296 1252 507 1330 studiosius
523 1254 684 1329 volent:
717 1252 785 1328 sed
803 1280 854 1329 ne
869 1250 967 1329 haec
985 1280 1149 1354 quoque

147 1367 371 1444 excell'erint
383 1369 566 1455 modum,
594 1394 746 1444 vereor.
805 1367 890 1472 Ipse
903 1396 968 1443 me
980 1371 1145 1469 paulum
1156 1386 1219 1461 63,

146 1486 190 1558 in
206 1486 291 1573 alia,
321 1510 441 1583 quam
457 1486 570 1584 prius
581 1484 804 1574 habuerim,
833 1486 1026 1584 opinione
1041 1510 1150 1558 nunc

147 1597 221 1673 elle
249 1598 450 1674 confiteor.
530 1604 580 1673 Et
610 1596 766 1675 fortaffe
802 1599 1032 1676 tutill'nnum
1069 1616 1152 1673 erat

147 1711 272 1788 famae
295 1714 419 1791 modo
452 1711 646 1802 studenti,
697 1715 802 1789 nihil
828 1718 880 1788 ‘ex
909 1741 958 1791 eo
984 1732 1150 1802 mutare,

147 1830 260 1928 quod
283 1832 420 1905 multis
445 1832 558 1904 annis
579 1844 664 1904 non
689 1826 880 1902 lenfillem
903 1829 1047 1916 modo,
1083 1855 1152 1904 ve·

146 1970 239 2019 rum
263 1943 382 2017 etiam
405 1939 682 2040 approballem.
765 1944 840 2017 Sed
863 1969 949 2017 non
976 1940 1149 2020 sustineo
1159 1965 1199 2039 64

102 2082 146 2142 55
154 2056 228 2132 elle
248 2054 428 2132 conscius
447 2057 548 2131 mihi
573 2054 797 2131 dillnnulati
821 2060 889 2153 (in
912 2082 960 2134 eo
981 2056 1153 2157 praeser-

148 2176 223 2247 tim
249 2197 389 2273 opere,
428 2170 539 2269 quod
559 2169 609 2244 ad
637 2171 840 2247 bonorum
864 2177 1060 2266 iuvenum
1083 2174 1154 2247 ali·

151 2314 272 2390 quam
293 2288 508 2362 utilitatem
530 2285 837 2386 componimus)
866 2290 911 2362 in
931 2288 1016 2363 ulla
1041 2274 1152 2389 parto

206 2516 337 2595 studenti.
378 2521 443 2573 Hoc
457 2517 521 2570 dare
536 2517 673 2571 videntur
687 2518 776 2574 codd.
793 2518 935 2593 plerique,
963 2520 1009 2575 elli
1022 2520 1109 2576 Goth.
1127 2535 1155 2576 et

150 2607 229 2665 Voll.
244 2620 272 2658 2.
295 2622 358 2657 cum
376 2600 438 2656 edd.
455 2617 517 2655 ante
533 2601 611 2656 Bafil.
626 2602 695 2656 mein
710 2602 855 2664 omnibus,
877 2618 984 2678 praeter
998 2602 1063 2659 nld.
1078 2623 1156 2678 prae·

108 2704 113 2710 '
151 2690 247 2745 lerunt
255 2687 426 2764 studentem:
448 2686 542 2740 minus
557 2685 635 2740 bene.
801 2685 964 2763 diffimulati.
1004 2687 1154 2747 SicGnelf.

146 2788 179 2829 'et
195 2774 290 2828 Turio.
304 2790 368 2824 cum
384 2771 417 2823 in
432 2769 481 2840 qni
497 2769 529 2823 ab
547 2769 607 2823 aliis
623 2769 753 2823 citantur.
776 2770 836 2825 edd.
852 2788 914 2826 ante
930 2771 1001 2828 obr.
1024 2772 1082 2827 fere
1104 2770 1158 2847 dis·

144 2858 296 2937 finiulanu'.
340 2853 392 2907 Sed
418 2852 505 2905 nollra
528 2851 581 2905 iola
602 2852 706 2926 placet,
727 2871 885 2926 quanquam
902 2855 1029 2911 Budaeus
1044 2875 1157 2930 quoque

153 2944 281 3012 (Comm.
297 2942 331 2995 G.
347 2940 381 2993 L.
396 2957 424 3012 p.
434 2939 488 3003 20)
510 2937 702 2990 Graecismnm
718 2936 831 2991 invenit
846 2939 877 2991 in
892 2937 954 2994 loco
968 2939 1069 2994 nostro.
1099 2941 1157 2998 Vix

153 3027 230 3083 enim
252 3024 388 3078 referatur
405 3021 547 3098 genitivus
568 3021 664 3090 judicii
686 3021 761 3074 adin
776 3023 833 3074 ulla
849 3038 936 3095 parte.
979 3024 1065 3079 Nunc
1088 3021 1159 3097 diffi-

110 3120 115 3127 '
152 3112 251 3167 muloti
262 3109 358 3177 judicii
372 3109 423 3159 mei
437 3104 539 3178 pendet
554 3122 568 3156 a
583 3102 718 3177 conscius.-
739 3109 768 3159 ln
783 3106 840 3160 ulla
853 3123 932 3182 pam
946 3121 1039 3163 nutem
1053 3106 1158 3161 dicitur

153 3191 416 3265 sdverbialiterpro
435 3208 554 3265 usquam
577 3187 613 3243 cf.
627 3203 655 3248 2.
682 3188 728 3250 16,
755 3200 801 3259 ¹8·

195 3364 419 3435 iaeiocinaeivum.
464 3372 569 3429 Pendet
583 3392 640 3428 ma·
680 3390 735 3429 tnm
754 3395 812 3430 non
832 3377 898 3431 lecit
914 3377 961 3432 illa
978 3378 1159 3438 mentionem,

154 3463 294 3522 [enlinnm
311 3481 325 3514 a
340 3479 410 3515 voce
425 3456 531 3536 statum
545 3457 640 3515 luban·
679 3459 703 3513 is
719 3462 778 3515 lane
792 3460 868 3515 alind
884 3463 1014 3535 scriptum
1029 3461 1104 3515 alind
1120 3463 1162 3516 in·

155 3550 226 3604 dito.
248 3548 289 3600 ito
303 3565 371 3599 mox
384 3544 409 3612 l.
425 3542 464 3599 62
481 3545 585 3599 nullum
596 3572 639 3587 -
681 3543 821 3598 tellectum
844 3565 859 3597 a
881 3544 949 3624 legis
971 3560 1082 3600 auctore
1099 3564 1162 3600 con-

155 3638 212 3710 qui.
682 3628 779 3682 tendit.
803 3628 837 3682 cl.
856 3641 949 3700 7c.8.
968 3646 1028 3684 toto
1049 3630 1160 3705 ubiQn.

201 3714 407 3770 translationem
421 3741 463 3757 -
480 3712 637 3783 juridiciali.
679 3711 750 3766 hanc
770 3732 854 3787 quam
876 3715 957 3793 tetigi
972 3715 1094 3771 (luorum
1115 3715 1162 3769 lla·

157 3801 194 3859 01.
211 3801 237 3869 p.
254 3810 305 3870 42.
681 3810 762 3850 tuum
784 3798 945 3852 affinitatem
972 3801 1109 3878 agnoseit,
1132 3803 1163 3855 si·

199 3881 567 3938 nullum-ratiocinativus.
576 3884 639 3955 Quo
680 3881 741 3936 mul
756 3897 849 3937 tamen
864 3898 969 3945 monet,
990 3884 1060 3958 qnid
1076 3884 1161 3940 inter·

157 3969 249 4048 igitur
291 3963 391 4019 retulit
426 3970 640 4021 ratiocinativum
680 3968 721 4022 sit.

159 4049 281 4109 sutum?
310 4055 355 4105 An
376 4049 410 4103 ml
429 4049 526 4125 scripti
547 4067 573 4105 et
594 4070 641 4106 vo·

159 4138 298 4193 luntatis?
318 4135 461 4208 quoniam,
482 4135 533 4207 qni
549 4134 639 4212 legem
723 4156 755 4189 no
777 4165 819 4179 -
843 4155 945 4194 vereor.
1000 4140 1077 4195 Haeo
1104 4136 1161 4213 ipsa

159 4220 282 4299 aliquam
296 4216 384 4275 trahit
397 4236 445 4281 eo.
467 4218 549 4295 cujus,
559 4218 641 4273 diser·
680 4219 748 4277 vide
764 4241 790 4283 ι,
813 4235 840 4291 7.
863 4237 913 4297 29.
