2596 4710
166 333 238 403 552
401 308 459 380 ar.
485 308 585 379 aaa.
613 300 930 399 animaruum

169 521 304 579 autem
323 500 469 576 harum
489 499 556 572 via
576 496 740 582 utilior,
769 517 863 568 oum
882 491 1049 567 materia
1075 486 1175 565 deli-

170 620 414 695 berabimus:
446 614 546 689 dum
559 610 725 686 sciamus
742 610 911 710 gratiora
925 603 1174 683 elleaudien·

172 734 299 821 tibus,
328 754 430 827 quae
447 726 554 803 solus
570 729 678 827 quis,
703 718 770 801 aut
782 725 956 826 primus,
985 738 1055 798 aut
1073 736 1175 796 certe

172 874 266 923 cum
289 846 424 945 paucis
444 839 574 917 fecille
592 842 768 916 dicetur:
799 837 829 915 fi
852 838 955 939 quid
975 854 1176 938 praeterea

172 960 290 1061 supra
327 957 436 1057 spem
470 972 537 1032 aut
573 956 905 1056 expectationem,
933 955 1175 1054 ,praecipue

132 1075 289 1175 ¹7quod
310 1075 436 1147 aliena
457 1073 591 1172 potius
612 1068 742 1159 causa,
777 1092 899 1169 quam
918 1064 997 1142 sua.
1060 1072 1177 1145 Tem·

174 1214 273 1291 pua,
317 1186 429 1287 quod
457 1184 579 1261 finem
608 1186 787 1265 hominis
808 1180 1056 1280 insequitur,
1092 1200 1179 1259 non

177 1303 332 1402 [emper
353 1308 523 1377 tractare*
540 1300 755 1399 contingit:
788 1323 872 1374 non
892 1296 1043 1386 solum,
1069 1294 1181 1398 quod

178 1420 361 1493 viventes
379 1416 596 1516 aliquando
616 1414 846 1501 laudamus,
875 1411 942 1488 sed
964 1413 1080 1513 quod
1099 1436 1184 1487 rara

174 1531 274 1605 haec
298 1531 447 1608 occafio
470 1528 546 1621 est,
571 1548 618 1606 ut
632 1527 770 1605 referri
791 1528 930 1627 polluat
950 1527 1084 1603 divini
1107 1528 1229 1615 hoen

178 1671 316 1735 norea,
354 1661 396 1721 et
415 1645 590 1735 decreta,
619 1661 666 1721 ut
685 1645 844 1744 publice
867 1641 1014 1719 statuae
1038 1640 1180 1720 consti·

138 1776 300 1836 ¹8tutae.
356 1762 465 1834 Inter
481 1786 584 1859 quae
605 1761 904 1833 numeraverim
924 1761 1180 1860 ingeniorum

180 1889 455 1961 monumenta,
482 1898 586 1973 quae
601 1870 740 1947 seculis
753 1875 1029 1972 probarentur.
1074 1876 1181 1947 Nam

182 1987 370 2088 quidam,
415 1987 516 2067 licut
542 1985 784 2079 Menander,
822 1987 986 2085 justiora
1008 1987 1181 2091 postero·

244 2252 274 2291 ut
291 2234 395 2310 referri.
437 2238 536 2293 Barna.
559 2239 589 2293 in
609 2236 683 2293 Alm.
708 2236 789 2292 inseri
811 2252 902 2292 natm
924 2253 1004 2313 rape,
1024 2234 1100 2310 qaod
1115 2232 1182 2308 quid

183 2317 255 2373 velit
273 2321 297 2374 le
313 2335 446 2394 exputare
460 2334 552 2399 negat.
590 2321 729 2394 Equidem
742 2322 772 2375 in
782 2321 876 2375 Turia.
892 2321 1010 2377 invenio
1025 2316 1094 2387 υἷι.
1122 2321 1181 2379 Ian

185 2422 249 2457 cam
273 2416 347 2456 tanta
369 2404 443 2456 inter
461 2403 544 2456 lrolce
560 2403 648 2461 Codd.
664 2404 815 2458 intercedat
831 2403 982 2461 similitudo
996 2418 1128 2478 quantam
1142 2400 1182 2458 ri·

184 2484 278 2539 dimus
298 2485 332 2539 ad
355 2500 391 2552 3,
415 2499 450 2552 3.
473 2496 492 2554 8
515 2487 630 2561 aliisque
652 2488 750 2543 multia
770 2488 854 2549 loeis.
876 2488 971 2544 nullut
992 2488 1094 2544 dubito
1116 2486 1180 2561 qaia

184 2568 414 2623 Almoloveniana
435 2572 567 2645 scriptura
588 2572 619 2627 fit
641 2573 734 2627 eadem
757 2590 827 2645 qnae
841 2573 1003 2628 Turioenfia.
1048 2576 1183 2646 compen-

184 2651 265 2707 dium
280 2668 373 2708 antem
391 2653 463 2708 illud
477 2654 551 2708 nihil
565 2656 641 2710 aliud
655 2657 784 2735 fignificat
797 2657 845 2710 nisr
865 2673 990 2731 tempore,
1013 2677 1045 2711 ea
1057 2656 1183 2732 potestate

184 2755 254 2812 quae
270 2736 344 2811 apud
359 2737 463 2792 multos
477 2740 620 2813 scriptorea
633 2740 745 2819 legitur,
765 2738 921 2813 explicatur
935 2756 1031 2795 autem
1045 2762 1059 2796 a
1074 2744 1185 2797 Donato

184 2821 219 2876 ad
235 2820 321 2875 Andr.
339 2830 374 2893 4.
396 2829 417 2893 4
439 2824 453 2888 (
462 2838 519 2876 non
536 2835 555 2892 5
576 2839 609 2879 ut
629 2824 665 2878 est
680 2826 710 2879 in
726 2823 809 2880 Fabri
824 2822 944 2893 Ἕω),
970 2844 1018 2899 ι9.
1059 2830 1123 2881 Hoc
1133 2842 1184 2879 no·

186 2903 325 2967 eabulrun,
346 2908 403 2965 etsi.
425 2906 563 2968 omilium,
586 2927 758 2983 nequaquam
773 2907 906 2963 desideres
919 2911 949 2962 in
964 2908 992 2963 lt.
1010 2908 1047 2970 l..
1068 2914 1185 2985 politum

186 3002 278 3044 tamen
293 3008 350 3044 nou
363 2990 415 3051 ell,
438 2991 516 3063 quod
532 2991 680 3067 displiceat.
702 2996 720 3046 st
735 2993 925 3066 interpretaris
940 3011 1104 3066 opportune,
1116 3010 1184 3068 apte,

185 3076 385 3135 convenienter.
406 3073 453 3128 vel
468 3075 551 3129 etiam
568 3072 688 3137 mamre,
704 3081 765 3146 jam
778 3092 842 3130 tuna.
872 3078 908 3136 ci.
925 3077 1009 3132 etiam
1025 3081 1139 3137 Manat.
1154 3074 1187 3131 ad

187 3157 246 3214 Cic.
260 3158 345 3235 Epist.
363 3159 397 3212 ad
412 3159 482 3215 Div.
497 3178 526 3235 9,
551 3159 589 3217 16
610 3164 753 3237 temperius
768 3161 796 3215 id
813 3160 877 3234 fiat.

186 3374 310 3435 inducat,
322 3394 375 3451 pro
391 3392 466 3437 erum
480 3375 589 3433 fortaffe
602 3376 666 3433 scri·
706 3382 807 3455 polita:
829 3378 1065 3456 „solua-prim.
1074 3413 1117 3426 -
1126 3400 1187 3437 enta

187 3457 310 3513 bandum
328 3478 413 3515 eruar.
447 3466 449 3470 '
706 3475 824 3538 ,‚pruc.⁴'
845 3483 880 3518 ex
896 3484 959 3539 1·9·
976 3475 1026 3535 58.
1045 3468 1188 3540 p.Victor·

226 3563 286 3597 cum
299 3560 390 3599 mater.
400 3545 608 3600 deliberabimus.
629 3545 665 3599 cf.
711 3562 778 3617 173.

188 3633 217 3696 4,
241 3640 269 3685 2,
290 3646 356 3681 ror.
378 3631 529 3703 „cumipla
543 3661 584 3673 —
599 3628 666 3684 deli·
747 3649 778 3687 ut
797 3630 899 3703 referri.
943 3632 1005 3688 vid.
1021 3649 1082 3688 not.
1100 3633 1171 3692 Crit.

188 3708 359 3768 „herandum
375 3713 438 3767 est.“
461 3714 494 3767 it.
511 3727 540 3781 5,
559 3730 604 3782 15,
614 3727 665 3789 59.
749 3716 870 3776 decreta.
901 3716 932 3768 in
955 3717 1096 3773 honorem
1124 3721 1190 3789 eju-⁴,

191 3807 218 3860 7,
238 3811 284 3854 ro,
304 3814 350 3849 ro.
375 3816 402 3869 9,
418 3809 446 3868 4,
465 3812 531 3863 ¹¹7·
709 3819 792 3873 quem
803 3798 1131 3857 laudaronadesunotum.
1147 3802 1192 3856 Sia

230 3877 321 3930 aliena
336 3908 376 3921 —-
391 3902 471 3957 quam
486 3880 549 3957 sua.
592 3884 668 3936 Ilaec
708 3886 814 3938 [erantne
828 3884 1082 3954 diciturdeeamere
1095 3888 1193 3942 trium·

191 3977 227 4012 ex
247 3961 391 4017 Aristotele
412 3986 436 4027 1,
459 3985 488 4040 9,
515 3965 551 4021 16
575 3965 668 4020 hausta
707 3967 813 4042 phuni,
838 3966 1081 4041 suppliiaationam.
1104 3973 1195 4051 inge·

189 4056 268 4118 putat
293 4046 435 4102 Victorius
457 4050 492 4103 ad
512 4048 666 4106 Aristotelia
706 4071 773 4107 nere
787 4052 920 4107 honores.

188 4127 335 4186 Rhetorica
354 4149 382 4206 p.
402 4144 469 4200 ¹57·
488 4149 564 4191 utet
580 4134 666 4191 modo
748 4136 914 4193 Mamuda.
948 4137 985 4193 ef.
1007 4158 1063 4202 10.
1094 4152 1196 4208 1272.
