2750 4800
418 355 757 428 PRAEFATIO.
967 379 1090 430 xxxrx

79 569 129 618 ea
154 545 200 620 in
228 540 416 643 Hispania
441 542 605 622 auditur
632 546 751 623 etiam
774 539 911 622 seculo
939 546 1085 646 quinto

76 681 263 768 ineunte,
297 678 342 754 in
363 678 574 754 Prudentii
597 681 754 784 hymno
787 703 811 774 7
845 679 1086 783 peristephaa

74 841 165 892 non
181 839 220 890 v.
245 821 339 900 152,
367 811 442 888 ubi
461 814 679 892 celebratur
695 815 968 920 Quintilianus
982 841 1086 894 mar-
1179 917 1183 924 .

76 966 147 1049 tyr
177 945 567 1048 caesaraugustanus.
626 947 982 1048 Caesaraugustam
1013 979 1084 1028 au·

71 1099 161 1158 tem
192 1083 415 1158 conventui
444 1098 762 1161 annumerantur
792 1085 1082 1184 Calagurritani

70 1216 171 1292 teste
195 1219 327 1292 Plinio
349 1221 398 1292 H.
425 1217 478 1291 N.
506 1237 545 1306 5,
579 1239 617 1306 5.
676 1219 822 1317 Neque
838 1233 973 1293 tamen
988 1243 1082 1318 pro·
1172 1267 1175 1278 .

68 1358 184 1429 tinus
207 1347 356 1426 necesse
384 1348 440 1426 est
462 1367 512 1426 ut
535 1343 654 1428 natus
676 1355 720 1426 in
743 1351 932 1452 Hispania
957 1350 1083 1428 suerit

70 1485 219 1575 noster,
248 1485 277 1560 fi
297 1483 451 1560 familia
472 1492 556 1581 ejus
580 1487 677 1563 inde
700 1485 755 1561 est
773 1487 960 1594 oriunda.
1013 1485 1082 1563 nf-

73 1619 210 1730 figiern
232 1622 473 1726 Quintiliani
493 1623 538 1696 in
557 1623 713 1722 aliquot
727 1621 855 1700 codd.
877 1627 987 1700 MSS.
1012 1649 1081 1723 ap-

72 1761 196 1860 pietas
221 1755 343 1832 refert
368 1755 589 1832 Bandinius
615 1759 660 1832 in
689 1759 886 1859 Catalogis
915 1759 1079 1834 Floren-

72 1897 178 1970 tinis.
237 1890 300 1968 nd
317 1891 519 1973 Iuvenalis
534 1889 586 1965 de
600 1894 852 1997 Quintiliano
870 1893 1008 1998 locum
1032 1894 1080 1970 in

72 2031 252 2104 editione
268 2027 464 2102 Henninii
492 2027 643 2130 (1695)
672 2054 711 2127 p.
733 2050 825 2104 212.
856 2013 1005 2122 adjecta
1022 2027 1079 2104 est

72 2163 209 2240 tabula
245 2161 437 2236 exhibens
467 2163 605 2236 virum
643 2177 840 2261 togatum,
898 2161 1079 2252 stantem,

73 2299 222 2374 lunatio
252 2296 390 2372 calceis
416 2295 537 2395 pedes
559 2295 763 2372 indutum.
821 2297 900 2374 Sed
927 2299 1077 2376 calceo·

72 2459 164 2510 rum
191 2430 320 2509 modo
348 2429 460 2506 causa
483 2429 728 2531 propositam
752 2434 980 2534 imaginem,
1009 2461 1078 2536 ap-

72 2585 193 2670 paret,
225 2565 337 2667 quod
366 2566 506 2641 eadem
532 2564 588 2641 est
615 2565 726 2667 apud
747 2569 989 2644 Balduinum
1011 2573 1076 2643 De

74 2705 202 2778 calceo
223 2729 262 2804 Ρ.
282 2709 359 2792 69,
393 2715 432 2776 et
457 2701 524 2776 hie
549 2699 589 2776 se
607 2717 842 2778 mutuatum
864 2701 1076 2802 profitetur

75 2835 265 2916 aCasalio
289 2825 352 2914 De
375 2836 487 2914 urbia
511 2852 550 2911 et
577 2838 739 2938 imperii
752 2839 926 2914 Romani
944 2835 1075 2938 splen·

75 2972 191 3059 dore,
218 2971 327 3071 apud
347 2995 470 3071 quem
489 2972 699 3050 exhibetur
719 2999 758 3074 Ρ.
780 2993 874 3062 258.
895 2977 1032 3074 neque
1048 2999 1072 3048 e

76 3109 201 3184 veteri
223 3104 369 3209 lapide,
396 3102 465 3180 sed
483 3102 572 3181 fieta
599 3107 754 3208 abipso
776 3105 941 3188 Casalio.

188 3383 250 3456 De
270 3379 465 3480 Dialogo‚
500 3382 574 3480 qui
601 3377 831 3456 inscribitur
850 3379 921 3454 Da
942 3393 1073 3453 orato·

81 3509 179 3590 ribus
206 3509 298 3624 five
332 3515 381 3588 de
415 3509 539 3624 causas
579 3527 787 3614 corruptae
823 3514 1073 3613 eloquentiae,

82 3645 248 3724 confecta
273 3675 336 3726 res
356 3647 430 3740 est,
472 3673 605 3750 neque
635 3665 920 3750 argumentum
944 3647 1074 3723 libelli

81 3803 205 3876 neque
221 3787 391 3860 auctoris
416 3801 582 3860 aetatem
605 3786 823 3863 convenire
844 3784 889 3859 in
911 3783 1073 3890 Quinti·

83 3913 249 4006 limum,
292 3945 415 4020 qnam
450 3923 496 3996 in
531 3919 687 3998 eausam
722 3921 857 4022 aliqua
888 3933 1072 3996 annotata

83 4047 196 4123 habes
220 4049 267 4124 ad
291 4077 329 4142 a,
355 4071 403 4153 4,
433 4064 501 4152 aa.
530 4072 571 4131 et
593 4049 809 4134 asserentur
831 4057 951 4158 plura
975 4052 1073 4128 ado*
