<?xml version="1.0" encoding="UTF-8"?>
<!DOCTYPE html PUBLIC "-//W3C//DTD XHTML 1.0 Transitional//EN"
    "http://www.w3.org/TR/xhtml1/DTD/xhtml1-transitional.dtd">
<html xmlns="http://www.w3.org/1999/xhtml" xml:lang="en" lang="en">
 <head>
  <title>
</title>
<meta http-equiv="Content-Type" content="text/html;charset=utf-8" />
  <meta name='ocr-system' content='tesseract 3.04.00' />
  <meta name='ocr-capabilities' content='ocr_page ocr_carea ocr_par ocr_line ocrx_word'/>
</head>
<body>
  <div class='ocr_page' id='page_1' title='image "./deinstitutioneo07quingoog_0123.png"; bbox 0 0 2596 4710; ppageno 0'>
   <div class='ocr_carea' id='block_1_1' title="bbox 154 282 940 399">
    <p class='ocr_par' dir='ltr' id='par_1_1' title="bbox 154 282 940 399">
     <span class='ocr_line' id='line_1_1' title="bbox 154 282 940 399; baseline -0.028 -7"><span class='ocrx_word' id='word_1_1' title='bbox 154 282 246 399; x_wconf 65' lang='lat' dir='ltr'>eo,</span> <span class='ocrx_word' id='word_1_2' title='bbox 391 305 447 374; x_wconf 83' lang='grc' dir='ltr'>Μ.</span> <span class='ocrx_word' id='word_1_3' title='bbox 474 306 574 376; x_wconf 77' lang='lat' dir='ltr'>mn</span> <span class='ocrx_word' id='word_1_4' title='bbox 602 294 940 397; x_wconf 76' lang='lat' dir='ltr'>optumum·</span> 
     </span>
    </p>
   </div>
   <div class='ocr_carea' id='block_1_2' title="bbox 134 490 1183 1512">
    <p class='ocr_par' dir='ltr' id='par_1_2' title="bbox 134 490 1183 1512">
     <span class='ocr_line' id='line_1_2' title="bbox 134 490 1162 593; baseline 0.002 -32"><span class='ocrx_word' id='word_1_5' title='bbox 134 493 232 593; x_wconf 75' lang='lat' dir='ltr'>tiqui</span> <span class='ocrx_word' id='word_1_6' title='bbox 254 490 510 567; x_wconf 85' lang='lat' dir='ltr'>timebuntur.</span> <span class='ocrx_word' id='word_1_7' title='bbox 569 493 697 568; x_wconf 82' lang='lat' dir='ltr'>Facile</span> <span class='ocrx_word' id='word_1_8' title='bbox 717 505 798 565; x_wconf 85' lang='lat' dir='ltr'>erat</span> <span class='ocrx_word' id='word_1_9' title='bbox 814 490 935 581; x_wconf 83' lang='lat' dir='ltr'>huius</span> <span class='ocrx_word' id='word_1_10' title='bbox 951 502 1081 565; x_wconf 80' lang='lat' dir='ltr'>metus</span> <span class='ocrx_word' id='word_1_11' title='bbox 1096 511 1162 563; x_wconf 86' lang='lat' dir='ltr'>re·</span> 
     </span>
     <span class='ocr_line' id='line_1_3' title="bbox 157 601 1160 683; baseline -0.003 -1"><span class='ocrx_word' id='word_1_12' title='bbox 157 607 348 683; x_wconf 81' lang='lat' dir='ltr'>medium.</span> <span class='ocrx_word' id='word_1_13' title='bbox 407 607 570 680; x_wconf 82' lang='lat' dir='ltr'>Utinam</span> <span class='ocrx_word' id='word_1_14' title='bbox 591 608 811 682; x_wconf 86' lang='lat' dir='ltr'>liberorum</span> <span class='ocrx_word' id='word_1_15' title='bbox 828 601 1057 679; x_wconf 85' lang='lat' dir='ltr'>nostrorum</span> <span class='ocrx_word' id='word_1_16' title='bbox 1069 628 1160 680; x_wconf 89' lang='lat' dir='ltr'>mo-</span> 
     </span>
     <span class='ocr_line' id='line_1_4' title="bbox 160 717 1159 828; baseline -0.003 -32"><span class='ocrx_word' id='word_1_17' title='bbox 160 748 220 797; x_wconf 88' lang='lat' dir='ltr'>res</span> <span class='ocrx_word' id='word_1_18' title='bbox 247 748 330 797; x_wconf 89' lang='lat' dir='ltr'>non</span> <span class='ocrx_word' id='word_1_19' title='bbox 358 718 430 819; x_wconf 79' lang='lat' dir='ltr'>ipsi</span> <span class='ocrx_word' id='word_1_20' title='bbox 457 721 723 825; x_wconf 84' lang='lat' dir='ltr'><strong>perderemus.</strong></span> <span class='ocrx_word' id='word_1_21' title='bbox 791 718 1000 794; x_wconf 82' lang='lat' dir='ltr'><strong>Infantiam</strong></span> <span class='ocrx_word' id='word_1_22' title='bbox 1029 717 1159 828; x_wconf 82' lang='lat' dir='ltr'>statim</span> 
     </span>
     <span class='ocr_line' id='line_1_5' title="bbox 159 818 1159 933; baseline -0.001 -23"><span class='ocrx_word' id='word_1_23' title='bbox 159 838 312 911; x_wconf 89' lang='lat' dir='ltr'>deliciis</span> <span class='ocrx_word' id='word_1_24' title='bbox 328 835 529 912; x_wconf 88' lang='lat' dir='ltr'>solvimus.</span> <span class='ocrx_word' id='word_1_25' title='bbox 566 838 700 912; x_wconf 87' lang='lat' dir='ltr'>mollis</span> <span class='ocrx_word' id='word_1_26' title='bbox 719 834 1022 924; x_wconf 71' lang='lat' dir='ltr'>interlucatio,</span> <span class='ocrx_word' id='word_1_27' title='bbox 1036 818 1159 933; x_wconf 76' lang='lat' dir='ltr'>quani</span> 
     </span>
     <span class='ocr_line' id='line_1_6' title="bbox 158 952 1161 1050; baseline -0.004 -24"><span class='ocrx_word' id='word_1_28' title='bbox 158 952 450 1050; x_wconf 81' lang='lat' dir='ltr'>indulgentiam</span> <span class='ocrx_word' id='word_1_29' title='bbox 464 978 668 1046; x_wconf 72' lang='lat' dir='ltr'>vocumrm,</span> <span class='ocrx_word' id='word_1_30' title='bbox 682 975 827 1027; x_wconf 87' lang='lat' dir='ltr'>nervos</span> <span class='ocrx_word' id='word_1_31' title='bbox 843 975 978 1024; x_wconf 88' lang='lat' dir='ltr'>omues</span> <span class='ocrx_word' id='word_1_32' title='bbox 995 965 1034 1025; x_wconf 89' lang='lat' dir='ltr'>et</span> <span class='ocrx_word' id='word_1_33' title='bbox 1046 972 1161 1023; x_wconf 83' lang='lat' dir='ltr'>men-</span> 
     </span>
     <span class='ocr_line' id='line_1_7' title="bbox 158 1064 1183 1170; baseline 0.002 -31"><span class='ocrx_word' id='word_1_34' title='bbox 158 1069 207 1142; x_wconf 90' lang='lat' dir='ltr'>tis</span> <span class='ocrx_word' id='word_1_35' title='bbox 230 1083 268 1140; x_wconf 87' lang='lat' dir='ltr'>et</span> <span class='ocrx_word' id='word_1_36' title='bbox 299 1070 476 1165; x_wconf 84' lang='lat' dir='ltr'>corporis</span> <span class='ocrx_word' id='word_1_37' title='bbox 508 1067 663 1166; x_wconf 80' lang='lat' dir='ltr'>frangit.</span> <span class='ocrx_word' id='word_1_38' title='bbox 738 1066 847 1170; x_wconf 85' lang='lat' dir='ltr'><strong>Quid</strong></span> <span class='ocrx_word' id='word_1_39' title='bbox 881 1090 966 1141; x_wconf 89' lang='lat' dir='ltr'>nou</span> <span class='ocrx_word' id='word_1_40' title='bbox 997 1064 1183 1141; x_wconf 80' lang='lat' dir='ltr'>adultus·</span> 
     </span>
     <span class='ocr_line' id='line_1_8' title="bbox 159 1180 1161 1281; baseline 0.004 -28"><span class='ocrx_word' id='word_1_41' title='bbox 159 1180 426 1280; x_wconf 75' lang='lat' dir='ltr'>concupiscet,</span> <span class='ocrx_word' id='word_1_42' title='bbox 457 1185 530 1280; x_wconf 89' lang='lat' dir='ltr'>qui</span> <span class='ocrx_word' id='word_1_43' title='bbox 559 1186 602 1256; x_wconf 91' lang='lat' dir='ltr'>iu</span> <span class='ocrx_word' id='word_1_44' title='bbox 633 1183 823 1281; x_wconf 87' lang='lat' dir='ltr'>purpuris</span> <span class='ocrx_word' id='word_1_45' title='bbox 858 1180 989 1280; x_wconf 71' lang='lat' dir='ltr'>repit?</span> <span class='ocrx_word' id='word_1_46' title='bbox 1040 1182 1161 1257; x_wconf 89' lang='lat' dir='ltr'>Non·</span> 
     </span>
     <span class='ocr_line' id='line_1_9' title="bbox 159 1297 1162 1397; baseline 0.001 -27.01"><span class='ocrx_word' id='word_1_47' title='bbox 159 1297 257 1372; x_wconf 85' lang='lat' dir='ltr'>dum</span> <span class='ocrx_word' id='word_1_48' title='bbox 279 1299 407 1397; x_wconf 86' lang='lat' dir='ltr'>primo</span> <span class='ocrx_word' id='word_1_49' title='bbox 429 1299 549 1372; x_wconf 82' lang='lat' dir='ltr'>verba</span> <span class='ocrx_word' id='word_1_50' title='bbox 578 1299 780 1395; x_wconf 85' lang='lat' dir='ltr'>exprimit,</span> <span class='ocrx_word' id='word_1_51' title='bbox 818 1311 856 1368; x_wconf 90' lang='lat' dir='ltr'>et</span> <span class='ocrx_word' id='word_1_52' title='bbox 884 1301 962 1385; x_wconf 82' lang='lat' dir='ltr'>iam</span> <span class='ocrx_word' id='word_1_53' title='bbox 994 1320 1162 1371; x_wconf 90' lang='lat' dir='ltr'>coccum</span> 
     </span>
     <span class='ocr_line' id='line_1_10' title="bbox 134 1408 1162 1512; baseline 0.003 -31"><span class='ocrx_word' id='word_1_54' title='bbox 134 1413 406 1511; x_wconf 69' lang='lat' dir='ltr'>tintelligit,</span> <span class='ocrx_word' id='word_1_55' title='bbox 395 1437 472 1505; x_wconf 71' lang='lat' dir='ltr'>lam</span> <span class='ocrx_word' id='word_1_56' title='bbox 491 1412 752 1512; x_wconf 83' lang='lat' dir='ltr'>conchylium</span> <span class='ocrx_word' id='word_1_57' title='bbox 767 1408 902 1512; x_wconf 90' lang='lat' dir='ltr'>poscit</span> <span class='ocrx_word' id='word_1_58' title='bbox 935 1414 1036 1486; x_wconf 82' lang='lat' dir='ltr'>Ante</span> <span class='ocrx_word' id='word_1_59' title='bbox 1053 1411 1162 1510; x_wconf 80' lang='lat' dir='ltr'>pala·</span> 
     </span>
    </p>
   </div>
   <div class='ocr_carea' id='block_1_3' title="bbox 98 1624 1214 3222">
    <p class='ocr_par' dir='ltr' id='par_1_3' title="bbox 222 1624 1161 1701">
     <span class='ocr_line' id='line_1_11' title="bbox 222 1624 1161 1701; baseline 0.001 -21"><span class='ocrx_word' id='word_1_60' title='bbox 222 1646 326 1681; x_wconf 81' lang='lat' dir='ltr'>coccum</span> <span class='ocrx_word' id='word_1_61' title='bbox 350 1627 486 1701; x_wconf 70' lang='lat' dir='ltr'>inteiligit.</span> <span class='ocrx_word' id='word_1_62' title='bbox 528 1628 680 1683; x_wconf 77' lang='lat' dir='ltr'>lleveritut</span> <span class='ocrx_word' id='word_1_63' title='bbox 696 1627 800 1681; x_wconf 78' lang='lat' dir='ltr'>crimen</span> <span class='ocrx_word' id='word_1_64' title='bbox 817 1626 941 1681; x_wconf 73' lang='lat' dir='ltr'>novandi</span> <span class='ocrx_word' id='word_1_65' title='bbox 960 1624 1066 1699; x_wconf 73' lang='lat' dir='ltr'>aliquid</span> <span class='ocrx_word' id='word_1_66' title='bbox 1083 1644 1161 1700; x_wconf 79' lang='lat' dir='ltr'>pree·</span> 
     </span>
    </p>

    <p class='ocr_par' dir='ltr' id='par_1_4' title="bbox 160 1709 1159 1786">
     <span class='ocr_line' id='line_1_12' title="bbox 160 1709 1159 1786; baseline 0.001 -22"><span class='ocrx_word' id='word_1_67' title='bbox 160 1727 202 1764; x_wconf 88' lang='lat' dir='ltr'>tet</span> <span class='ocrx_word' id='word_1_68' title='bbox 225 1711 407 1765; x_wconf 80' lang='lat' dir='ltr'>necessimem</span> <span class='ocrx_word' id='word_1_69' title='bbox 439 1709 543 1785; x_wconf 81' lang='lat' dir='ltr'>reliqui</span> <span class='ocrx_word' id='word_1_70' title='bbox 573 1713 736 1786; x_wconf 81' lang='lat' dir='ltr'>scripturam</span> <span class='ocrx_word' id='word_1_71' title='bbox 767 1727 904 1783; x_wconf 72' lang='lat' dir='ltr'>receptam</span> <span class='ocrx_word' id='word_1_72' title='bbox 930 1709 1021 1766; x_wconf 75' lang='lat' dir='ltr'>adhuc</span> <span class='ocrx_word' id='word_1_73' title='bbox 1045 1728 1159 1773; x_wconf 78' lang='lat' dir='ltr'>coccum,</span> 
     </span>
    </p>

    <p class='ocr_par' dir='ltr' id='par_1_5' title="bbox 160 1794 1159 1870">
     <span class='ocr_line' id='line_1_13' title="bbox 160 1794 1159 1870; baseline 0.002 -21"><span class='ocrx_word' id='word_1_74' title='bbox 160 1813 212 1868; x_wconf 87' lang='lat' dir='ltr'>pro</span> <span class='ocrx_word' id='word_1_75' title='bbox 235 1813 292 1866; x_wconf 90' lang='lat' dir='ltr'>qno</span> <span class='ocrx_word' id='word_1_76' title='bbox 317 1815 408 1850; x_wconf 85' lang='lat' dir='ltr'>cocum</span> <span class='ocrx_word' id='word_1_77' title='bbox 433 1794 483 1865; x_wconf 86' lang='lat' dir='ltr'>(h.</span> <span class='ocrx_word' id='word_1_78' title='bbox 498 1816 521 1850; x_wconf 89' lang='lat' dir='ltr'>e.</span> <span class='ocrx_word' id='word_1_79' title='bbox 539 1799 679 1870; x_wconf 89' lang='lat' dir='ltr'>coquuml</span> <span class='ocrx_word' id='word_1_80' title='bbox 704 1796 750 1850; x_wconf 79' lang='lat' dir='ltr'>dat</span> <span class='ocrx_word' id='word_1_81' title='bbox 766 1795 858 1851; x_wconf 85' lang='lat' dir='ltr'>Gucls.</span> <span class='ocrx_word' id='word_1_82' title='bbox 878 1811 904 1848; x_wconf 84' lang='lat' dir='ltr'>et</span> <span class='ocrx_word' id='word_1_83' title='bbox 922 1794 985 1849; x_wconf 82' lang='lat' dir='ltr'>Ald.</span> <span class='ocrx_word' id='word_1_84' title='bbox 1002 1795 1062 1849; x_wconf 84' lang='lat' dir='ltr'>into</span> <span class='ocrx_word' id='word_1_85' title='bbox 1076 1811 1159 1851; x_wconf 77' lang='lat' dir='ltr'>vetut</span> 
     </span>
    </p>

    <p class='ocr_par' dir='ltr' id='par_1_6' title="bbox 162 1877 1162 1953">
     <span class='ocr_line' id='line_1_14' title="bbox 162 1877 1162 1953; baseline 0.002 -20"><span class='ocrx_word' id='word_1_86' title='bbox 162 1879 230 1933; x_wconf 77' lang='lat' dir='ltr'>cot.</span> <span class='ocrx_word' id='word_1_87' title='bbox 250 1879 444 1939; x_wconf 81' lang='lat' dir='ltr'>Florentium,</span> <span class='ocrx_word' id='word_1_88' title='bbox 473 1881 582 1935; x_wconf 74' lang='lat' dir='ltr'>streete</span> <span class='ocrx_word' id='word_1_89' title='bbox 598 1880 736 1952; x_wconf 79' lang='lat' dir='ltr'>conjicio,</span> <span class='ocrx_word' id='word_1_90' title='bbox 757 1877 833 1953; x_wconf 82' lang='lat' dir='ltr'>qttod</span> <span class='ocrx_word' id='word_1_91' title='bbox 850 1881 907 1951; x_wconf 85' lang='lat' dir='ltr'>ejue</span> <span class='ocrx_word' id='word_1_92' title='bbox 921 1880 1085 1935; x_wconf 64' lang='lat' dir='ltr'>tinctorium</span> <span class='ocrx_word' id='word_1_93' title='bbox 1102 1899 1162 1935; x_wconf 85' lang='lat' dir='ltr'>nou</span> 
     </span>
    </p>

    <p class='ocr_par' dir='ltr' id='par_1_7' title="bbox 160 1964 1163 2042">
     <span class='ocr_line' id='line_1_15' title="bbox 160 1964 1163 2042; baseline 0.001 -25"><span class='ocrx_word' id='word_1_94' title='bbox 160 1965 253 2018; x_wconf 86' lang='lat' dir='ltr'>utitur</span> <span class='ocrx_word' id='word_1_95' title='bbox 269 1964 389 2042; x_wconf 72' lang='lat' dir='ltr'>Regius.</span> <span class='ocrx_word' id='word_1_96' title='bbox 412 1964 479 2017; x_wconf 87' lang='lat' dir='ltr'>dum</span> <span class='ocrx_word' id='word_1_97' title='bbox 498 1985 603 2021; x_wconf 80' lang='lat' dir='ltr'>coccum</span> <span class='ocrx_word' id='word_1_98' title='bbox 619 1964 767 2042; x_wconf 81' lang='lat' dir='ltr'>legendum</span> <span class='ocrx_word' id='word_1_99' title='bbox 785 1965 880 2018; x_wconf 79' lang='lat' dir='ltr'>suadet</span> <span class='ocrx_word' id='word_1_100' title='bbox 896 1982 949 2040; x_wconf 85' lang='lat' dir='ltr'>pro</span> <span class='ocrx_word' id='word_1_101' title='bbox 965 1984 1065 2019; x_wconf 84' lang='lat' dir='ltr'>cocum.</span> <span class='ocrx_word' id='word_1_102' title='bbox 1095 1966 1163 2021; x_wconf 86' lang='lat' dir='ltr'>Cer-</span> 
     </span>
    </p>

    <p class='ocr_par' dir='ltr' id='par_1_8' title="bbox 162 2048 1162 2124">
     <span class='ocr_line' id='line_1_16' title="bbox 162 2048 1162 2124; baseline 0.002 -23"><span class='ocrx_word' id='word_1_103' title='bbox 162 2049 240 2102; x_wconf 77' lang='lat' dir='ltr'>tatim</span> <span class='ocrx_word' id='word_1_104' title='bbox 263 2048 418 2122; x_wconf 80' lang='lat' dir='ltr'>probarunt</span> <span class='ocrx_word' id='word_1_105' title='bbox 440 2050 502 2106; x_wconf 86' lang='lat' dir='ltr'>VV.</span> <span class='ocrx_word' id='word_1_106' title='bbox 529 2052 597 2105; x_wconf 82' lang='lat' dir='ltr'>Do.</span> <span class='ocrx_word' id='word_1_107' title='bbox 619 2049 730 2124; x_wconf 76' lang='lat' dir='ltr'>pretiosi</span> <span class='ocrx_word' id='word_1_108' title='bbox 755 2048 856 2103; x_wconf 77' lang='lat' dir='ltr'>coloris</span> <span class='ocrx_word' id='word_1_109' title='bbox 880 2049 1066 2109; x_wconf 84' lang='lat' dir='ltr'>mentionem,</span> <span class='ocrx_word' id='word_1_110' title='bbox 1095 2068 1162 2124; x_wconf 76' lang='lat' dir='ltr'>prae</span> 
     </span>
    </p>

    <p class='ocr_par' dir='ltr' id='par_1_9' title="bbox 161 2133 1162 2208">
     <span class='ocr_line' id='line_1_17' title="bbox 161 2133 1162 2208; baseline 0.004 -23"><span class='ocrx_word' id='word_1_111' title='bbox 161 2133 305 2187; x_wconf 83' lang='lat' dir='ltr'>mentione</span> <span class='ocrx_word' id='word_1_112' title='bbox 327 2137 404 2208; x_wconf 85' lang='lat' dir='ltr'>coqui</span> <span class='ocrx_word' id='word_1_113' title='bbox 411 2170 419 2193; x_wconf 86' lang='lat'>‚</span> <span class='ocrx_word' id='word_1_114' title='bbox 441 2133 622 2207; x_wconf 78' lang='lat' dir='ltr'>(astipulente</span> <span class='ocrx_word' id='word_1_115' title='bbox 639 2133 725 2188; x_wconf 83' lang='lat' dir='ltr'>Goth.</span> <span class='ocrx_word' id='word_1_116' title='bbox 749 2152 813 2187; x_wconf 89' lang='lat' dir='ltr'>eum</span> <span class='ocrx_word' id='word_1_117' title='bbox 834 2133 939 2187; x_wconf 88' lang='lat' dir='ltr'>lileutio</span> <span class='ocrx_word' id='word_1_118' title='bbox 956 2133 1162 2189; x_wconf 68' lang='lat' dir='ltr'>conferentium</span> 
     </span>
    </p>

    <p class='ocr_par' dir='ltr' id='par_1_10' title="bbox 160 2214 1164 2291">
     <span class='ocr_line' id='line_1_18' title="bbox 160 2214 1164 2291; baseline 0.002 -19"><span class='ocrx_word' id='word_1_119' title='bbox 160 2218 195 2272; x_wconf 83' lang='lat' dir='ltr'>de</span> <span class='ocrx_word' id='word_1_120' title='bbox 213 2214 311 2271; x_wconf 70' lang='lat' dir='ltr'>ceterie&#39;</span> <span class='ocrx_word' id='word_1_121' title='bbox 332 2217 423 2274; x_wconf 76' lang='lat' dir='ltr'>codd.</span> <span class='ocrx_word' id='word_1_122' title='bbox 441 2233 469 2272; x_wconf 88' lang='lat' dir='ltr'>et</span> <span class='ocrx_word' id='word_1_123' title='bbox 485 2218 545 2273; x_wconf 82' lang='lat' dir='ltr'>edd.</span> <span class='ocrx_word' id='word_1_124' title='bbox 564 2218 638 2291; x_wconf 88' lang='lat' dir='ltr'>quod</span> <span class='ocrx_word' id='word_1_125' title='bbox 661 2218 784 2271; x_wconf 74' lang='lat' dir='ltr'>maxime</span> <span class='ocrx_word' id='word_1_126' title='bbox 800 2220 830 2271; x_wconf 89' lang='lat' dir='ltr'>in</span> <span class='ocrx_word' id='word_1_127' title='bbox 847 2218 970 2272; x_wconf 82' lang='lat' dir='ltr'>Gibsuuo</span> <span class='ocrx_word' id='word_1_128' title='bbox 987 2217 1090 2283; x_wconf 78' lang='lat' dir='ltr'>miror,</span> <span class='ocrx_word' id='word_1_129' title='bbox 1111 2219 1164 2291; x_wconf 82' lang='lat' dir='ltr'>qui</span> 
     </span>
    </p>

    <p class='ocr_par' dir='ltr' id='par_1_11' title="bbox 161 2300 1164 2377">
     <span class='ocr_line' id='line_1_19' title="bbox 161 2300 1164 2377; baseline 0.001 -20"><span class='ocrx_word' id='word_1_130' title='bbox 161 2301 253 2357; x_wconf 74' lang='lat' dir='ltr'>saltem</span> <span class='ocrx_word' id='word_1_131' title='bbox 281 2300 411 2357; x_wconf 77' lang='lat' dir='ltr'>Aldinem</span> <span class='ocrx_word' id='word_1_132' title='bbox 439 2301 554 2357; x_wconf 78' lang='lat' dir='ltr'>debebat</span> <span class='ocrx_word' id='word_1_133' title='bbox 577 2310 751 2372; x_wconf 74' lang='lat' dir='ltr'>memorare)</span> <span class='ocrx_word' id='word_1_134' title='bbox 776 2321 838 2356; x_wconf 87' lang='lat' dir='ltr'>eum</span> <span class='ocrx_word' id='word_1_135' title='bbox 863 2317 977 2375; x_wconf 81' lang='lat' dir='ltr'>propter</span> <span class='ocrx_word' id='word_1_136' title='bbox 993 2304 1164 2377; x_wconf 73' lang='lat' dir='ltr'>intelligendi</span> 
     </span>
    </p>

    <p class='ocr_par' dir='ltr' id='par_1_12' title="bbox 161 2383 1212 2460">
     <span class='ocr_line' id='line_1_20' title="bbox 161 2383 1212 2460; baseline 0.003 -21"><span class='ocrx_word' id='word_1_137' title='bbox 161 2384 423 2459; x_wconf 76' lang='lat' dir='ltr'>vocabulmmqrmd</span> <span class='ocrx_word' id='word_1_138' title='bbox 440 2385 476 2440; x_wconf 86' lang='lat' dir='ltr'>eil</span> <span class='ocrx_word' id='word_1_139' title='bbox 490 2387 636 2460; x_wconf 83' lang='lat' dir='ltr'>proprium</span> <span class='ocrx_word' id='word_1_140' title='bbox 652 2385 806 2443; x_wconf 78' lang='lat' dir='ltr'>luxuriosae</span> <span class='ocrx_word' id='word_1_141' title='bbox 821 2384 936 2456; x_wconf 78' lang='lat' dir='ltr'>alicujus</span> <span class='ocrx_word' id='word_1_142' title='bbox 951 2383 1084 2447; x_wconf 69' lang='lat' dir='ltr'>scientiae.</span> <span class='ocrx_word' id='word_1_143' title='bbox 1100 2401 1164 2443; x_wconf 83' lang='lat' dir='ltr'>tum</span> <span class='ocrx_word' id='word_1_144' title='bbox 1209 2428 1212 2433; x_wconf 85' lang='lat'><em>-</em></span> 
     </span>
    </p>

    <p class='ocr_par' dir='ltr' id='par_1_13' title="bbox 161 2469 1164 2549">
     <span class='ocr_line' id='line_1_21' title="bbox 161 2469 1164 2549; baseline 0.004 -26"><span class='ocrx_word' id='word_1_145' title='bbox 161 2469 198 2524; x_wconf 89' lang='lat' dir='ltr'>ob</span> <span class='ocrx_word' id='word_1_146' title='bbox 211 2469 383 2545; x_wconf 74' lang='lat' dir='ltr'>conchylium</span> <span class='ocrx_word' id='word_1_147' title='bbox 396 2488 463 2524; x_wconf 84' lang='lat' dir='ltr'>mox</span> <span class='ocrx_word' id='word_1_148' title='bbox 478 2484 642 2530; x_wconf 80' lang='lat' dir='ltr'>occurrens,</span> <span class='ocrx_word' id='word_1_149' title='bbox 662 2470 738 2543; x_wconf 86' lang='lat' dir='ltr'>quod</span> <span class='ocrx_word' id='word_1_150' title='bbox 755 2470 852 2523; x_wconf 83' lang='lat' dir='ltr'>itidem</span> <span class='ocrx_word' id='word_1_151' title='bbox 867 2472 933 2524; x_wconf 85' lang='lat' dir='ltr'>esset</span> <span class='ocrx_word' id='word_1_152' title='bbox 948 2488 1036 2549; x_wconf 78' lang='lat' dir='ltr'>genus</span> <span class='ocrx_word' id='word_1_153' title='bbox 1049 2470 1164 2527; x_wconf 73' lang='lat' dir='ltr'>mlorit.</span> 
     </span>
    </p>

    <p class='ocr_par' dir='ltr' id='par_1_14' title="bbox 160 2553 1189 2652">
     <span class='ocr_line' id='line_1_22' title="bbox 160 2553 1189 2652; baseline 0.001 -42"><span class='ocrx_word' id='word_1_154' title='bbox 160 2554 241 2610; x_wconf 82' lang='lat' dir='ltr'>Priut</span> <span class='ocrx_word' id='word_1_155' title='bbox 259 2572 305 2605; x_wconf 81' lang='lat' dir='ltr'>ar</span> <span class='ocrx_word' id='word_1_156' title='bbox 289 2569 457 2633; x_wconf 57' lang='lat' dir='ltr'>„linteatum</span> <span class='ocrx_word' id='word_1_157' title='bbox 481 2553 630 2652; x_wconf 75' lang='lat' dir='ltr'>plurimam</span> <span class='ocrx_word' id='word_1_158' title='bbox 653 2557 768 2630; x_wconf 85' lang='lat' dir='ltr'>speciem</span> <span class='ocrx_word' id='word_1_159' title='bbox 790 2554 889 2613; x_wconf 74' lang='lat' dir='ltr'>lubet,</span> <span class='ocrx_word' id='word_1_160' title='bbox 912 2555 970 2609; x_wconf 91' lang='lat' dir='ltr'>imo</span> <span class='ocrx_word' id='word_1_161' title='bbox 991 2556 1163 2611; x_wconf 79' lang='lat' dir='ltr'>uomiullum</span> <span class='ocrx_word' id='word_1_162' title='bbox 1186 2604 1189 2611; x_wconf 94' lang='lat'>.</span> 
     </span>
    </p>

    <p class='ocr_par' dir='ltr' id='par_1_15' title="bbox 142 2640 1166 2799">
     <span class='ocr_line' id='line_1_23' title="bbox 142 2640 1165 2735; baseline 0.003 -42"><span class='ocrx_word' id='word_1_163' title='bbox 142 2654 346 2693; x_wconf 79' lang='lat' dir='ltr'>momentum.</span> <span class='ocrx_word' id='word_1_164' title='bbox 389 2640 539 2735; x_wconf 80' lang='lat' dir='ltr'>Quomodo</span> <span class='ocrx_word' id='word_1_165' title='bbox 563 2640 640 2727; x_wconf 77' lang='lat' dir='ltr'>enim</span> <span class='ocrx_word' id='word_1_166' title='bbox 662 2658 749 2715; x_wconf 84' lang='lat' dir='ltr'>puer,</span> <span class='ocrx_word' id='word_1_167' title='bbox 777 2658 848 2713; x_wconf 85' lang='lat' dir='ltr'>pene</span> <span class='ocrx_word' id='word_1_168' title='bbox 872 2640 979 2699; x_wconf 82' lang='grc' dir='ltr'>ιιιΓιιιι.</span> <span class='ocrx_word' id='word_1_169' title='bbox 1001 2640 1084 2715; x_wconf 80' lang='lat' dir='ltr'>pollit</span> <span class='ocrx_word' id='word_1_170' title='bbox 1106 2640 1165 2697; x_wconf 85' lang='lat' dir='ltr'>dici</span> 
     </span>
     <span class='ocr_line' id='line_1_24' title="bbox 163 2724 1166 2799; baseline 0.003 -22"><span class='ocrx_word' id='word_1_171' title='bbox 163 2724 311 2795; x_wconf 81' lang='lat' dir='ltr'>intelligere</span> <span class='ocrx_word' id='word_1_172' title='bbox 327 2742 453 2799; x_wconf 74' lang='lat' dir='ltr'>coquunt,</span> <span class='ocrx_word' id='word_1_173' title='bbox 474 2725 527 2779; x_wconf 78' lang='lat' dir='ltr'>vix</span> <span class='ocrx_word' id='word_1_174' title='bbox 541 2738 662 2798; x_wconf 77' lang='lat' dir='ltr'>apparet.</span> <span class='ocrx_word' id='word_1_175' title='bbox 706 2724 744 2778; x_wconf 75' lang='lat' dir='ltr'>At</span> <span class='ocrx_word' id='word_1_176' title='bbox 757 2724 860 2778; x_wconf 79' lang='lat' dir='ltr'>artium</span> <span class='ocrx_word' id='word_1_177' title='bbox 875 2741 902 2776; x_wconf 89' lang='lat' dir='ltr'>et</span> <span class='ocrx_word' id='word_1_178' title='bbox 916 2724 1166 2780; x_wconf 85' lang='lat' dir='ltr'>instrumentorum</span> 
     </span>
    </p>

    <p class='ocr_par' dir='ltr' id='par_1_16' title="bbox 98 2800 1166 3135">
     <span class='ocr_line' id='line_1_25' title="bbox 98 2800 1166 2892; baseline 0.004 -33"><span class='ocrx_word' id='word_1_179' title='bbox 98 2854 101 2859; x_wconf 91' lang='lat'>.</span> <span class='ocrx_word' id='word_1_180' title='bbox 163 2805 291 2861; x_wconf 65' lang='lat' dir='ltr'>luxuriae</span> <span class='ocrx_word' id='word_1_181' title='bbox 315 2807 462 2892; x_wconf 70' lang='lat' dir='ltr'>saepissime</span> <span class='ocrx_word' id='word_1_182' title='bbox 485 2806 665 2881; x_wconf 76' lang='lat' dir='ltr'>intelligentes</span> <span class='ocrx_word' id='word_1_183' title='bbox 684 2824 836 2868; x_wconf 80' lang='lat' dir='ltr'>vocentur,</span> <span class='ocrx_word' id='word_1_184' title='bbox 858 2809 908 2881; x_wconf 88' lang='lat' dir='ltr'>qni</span> <span class='ocrx_word' id='word_1_185' title='bbox 926 2809 954 2862; x_wconf 86' lang='lat' dir='ltr'>iu</span> <span class='ocrx_word' id='word_1_186' title='bbox 972 2800 1077 2863; x_wconf 72' lang='lat' dir='ltr'>talibus</span> <span class='ocrx_word' id='word_1_187' title='bbox 1090 2807 1166 2865; x_wconf 78' lang='lat' dir='ltr'>ultm</span> 
     </span>
     <span class='ocr_line' id='line_1_26' title="bbox 148 2888 1165 2968; baseline 0.007 -26"><span class='ocrx_word' id='word_1_188' title='bbox 148 2888 233 2968; x_wconf 75' lang='lat' dir='ltr'>‘vulg</span> <span class='ocrx_word' id='word_1_189' title='bbox 217 2909 267 2943; x_wconf 67' lang='lat' dir='ltr'>oue</span> <span class='ocrx_word' id='word_1_190' title='bbox 291 2893 489 2964; x_wconf 73' lang='lat' dir='ltr'>septimiti</span> <span class='ocrx_word' id='word_1_191' title='bbox 514 2893 660 2965; x_wconf 80' lang='lat' dir='ltr'>saepillime</span> <span class='ocrx_word' id='word_1_192' title='bbox 682 2890 755 2967; x_wconf 85' lang='lat' dir='ltr'>npud</span> <span class='ocrx_word' id='word_1_193' title='bbox 780 2894 838 2949; x_wconf 86' lang='lat' dir='ltr'>Cic.</span> <span class='ocrx_word' id='word_1_194' title='bbox 857 2894 943 2949; x_wconf 82' lang='lat' dir='ltr'>inv</span> <span class='ocrx_word' id='word_1_195' title='bbox 935 2893 1046 2953; x_wconf 70' lang='lat' dir='ltr'>²rtiuit,</span> <span class='ocrx_word' id='word_1_196' title='bbox 1069 2909 1113 2955; x_wconf 86' lang='lat' dir='ltr'>et,</span> <span class='ocrx_word' id='word_1_197' title='bbox 1131 2908 1165 2949; x_wconf 84' lang='lat' dir='ltr'>ut</span> 
     </span>
     <span class='ocr_line' id='line_1_27' title="bbox 163 2974 1162 3051; baseline 0.006 -24"><span class='ocrx_word' id='word_1_198' title='bbox 163 2974 217 3029; x_wconf 89' lang='lat' dir='ltr'>hoc</span> <span class='ocrx_word' id='word_1_199' title='bbox 234 2990 309 3037; x_wconf 78' lang='lat' dir='ltr'>ittae,</span> <span class='ocrx_word' id='word_1_200' title='bbox 326 2978 455 3045; x_wconf 33' lang='lat' dir='ltr'>Ajwrcem</span> <span class='ocrx_word' id='word_1_201' title='bbox 476 2977 568 3030; x_wconf 76' lang='lat' dir='ltr'>retient</span> <span class='ocrx_word' id='word_1_202' title='bbox 584 2978 710 3039; x_wconf 80' lang='lat' dir='ltr'>militem,</span> <span class='ocrx_word' id='word_1_203' title='bbox 733 2977 837 3050; x_wconf 68' lang='lat' dir='ltr'>lllplses</span> <span class='ocrx_word' id='word_1_204' title='bbox 852 2980 925 3051; x_wconf 79' lang='lat' dir='ltr'>apud</span> <span class='ocrx_word' id='word_1_205' title='bbox 942 2977 1029 3034; x_wconf 78' lang='lat' dir='ltr'>Ovld.</span> <span class='ocrx_word' id='word_1_206' title='bbox 1045 2982 1162 3034; x_wconf 76' lang='lat' dir='ltr'>Metum-</span> 
     </span>
     <span class='ocr_line' id='line_1_28' title="bbox 173 3061 1166 3135; baseline 0.006 -24"><span class='ocrx_word' id='word_1_207' title='bbox 173 3074 218 3126; x_wconf 59' lang='grc' dir='ltr'>ιδ,</span> <span class='ocrx_word' id='word_1_208' title='bbox 241 3072 301 3132; x_wconf 74' lang='lat'>295</span> <span class='ocrx_word' id='word_1_209' title='bbox 325 3076 419 3132; x_wconf 83' lang='lat' dir='ltr'>petere</span> <span class='ocrx_word' id='word_1_210' title='bbox 440 3062 479 3113; x_wconf 84' lang='lat' dir='ltr'>ait</span> <span class='ocrx_word' id='word_1_211' title='bbox 502 3080 571 3134; x_wconf 69' lang='lat' dir='ltr'>quae</span> <span class='ocrx_word' id='word_1_212' title='bbox 590 3080 648 3114; x_wconf 85' lang='lat' dir='ltr'>uon</span> <span class='ocrx_word' id='word_1_213' title='bbox 664 3063 799 3135; x_wconf 74' lang='lat' dir='ltr'>intelligat</span> <span class='ocrx_word' id='word_1_214' title='bbox 819 3080 910 3124; x_wconf 60' lang='lat' dir='ltr'>tumn</span> <span class='ocrx_word' id='word_1_215' title='bbox 932 3061 1064 3117; x_wconf 80' lang='lat' dir='ltr'>videlieet</span> <span class='ocrx_word' id='word_1_216' title='bbox 1080 3061 1166 3117; x_wconf 79' lang='lat' dir='ltr'>caeh-</span> 
     </span>
    </p>

    <p class='ocr_par' dir='ltr' id='par_1_17' title="bbox 164 3143 1214 3222">
     <span class='ocr_line' id='line_1_29' title="bbox 164 3143 1214 3222; baseline 0.008 -26"><span class='ocrx_word' id='word_1_217' title='bbox 164 3159 254 3197; x_wconf 79' lang='lat' dir='ltr'>turem</span> <span class='ocrx_word' id='word_1_218' title='bbox 271 3143 299 3197; x_wconf 92' lang='lat' dir='ltr'>in</span> <span class='ocrx_word' id='word_1_219' title='bbox 317 3144 415 3217; x_wconf 79' lang='lat' dir='ltr'>clypeo</span> <span class='ocrx_word' id='word_1_220' title='bbox 432 3144 649 3222; x_wconf 74' lang='lat' dir='ltr'>igriorabatille.</span> <span class='ocrx_word' id='word_1_221' title='bbox 692 3146 816 3204; x_wconf 83' lang='lat' dir='ltr'>Verum,</span> <span class='ocrx_word' id='word_1_222' title='bbox 837 3146 995 3200; x_wconf 80' lang='lat' dir='ltr'>fimaxime</span> <span class='ocrx_word' id='word_1_223' title='bbox 1010 3146 1058 3202; x_wconf 87' lang='lat' dir='ltr'>iste</span> <span class='ocrx_word' id='word_1_224' title='bbox 1074 3148 1165 3203; x_wconf 65' lang='lat' dir='ltr'>tantm</span> <span class='ocrx_word' id='word_1_225' title='bbox 1211 3176 1214 3181; x_wconf 95' lang='lat'>·</span> 
     </span>
    </p>
   </div>
   <div class='ocr_carea' id='block_1_4' title="bbox 70 3228 1183 3305">
    <p class='ocr_par' dir='ltr' id='par_1_18' title="bbox 70 3228 1183 3305">
     <span class='ocr_line' id='line_1_30' title="bbox 70 3228 1183 3305; baseline 0.001 -22"><span class='ocrx_word' id='word_1_226' title='bbox 70 3292 73 3299; x_wconf 24' lang='grc' dir='ltr'>Ι</span> <span class='ocrx_word' id='word_1_227' title='bbox 163 3229 331 3301; x_wconf 71' lang='lat' dir='ltr'>intelligendi</span> <span class='ocrx_word' id='word_1_228' title='bbox 344 3228 433 3283; x_wconf 82' lang='lat' dir='ltr'>verbo</span> <span class='ocrx_word' id='word_1_229' title='bbox 451 3229 627 3290; x_wconf 76' lang='lat' dir='ltr'>vindicatur,</span> <span class='ocrx_word' id='word_1_230' title='bbox 649 3249 683 3284; x_wconf 89' lang='lat' dir='ltr'>ue</span> <span class='ocrx_word' id='word_1_231' title='bbox 698 3231 846 3305; x_wconf 88' lang='lat' dir='ltr'>proprium</span> <span class='ocrx_word' id='word_1_232' title='bbox 860 3232 974 3302; x_wconf 83' lang='lat' dir='ltr'>quidem</span> <span class='ocrx_word' id='word_1_233' title='bbox 987 3229 1054 3305; x_wconf 83' lang='lat' dir='ltr'>¹loco</span> <span class='ocrx_word' id='word_1_234' title='bbox 1070 3230 1165 3285; x_wconf 82' lang='lat' dir='ltr'>nostro</span> <span class='ocrx_word' id='word_1_235' title='bbox 1179 3272 1183 3279; x_wconf 93' lang='lat'>.</span> 
     </span>
    </p>
   </div>
   <div class='ocr_carea' id='block_1_5' title="bbox 162 3309 1166 3558">
    <p class='ocr_par' dir='ltr' id='par_1_19' title="bbox 162 3309 1166 3558">
     <span class='ocr_line' id='line_1_31' title="bbox 162 3309 1166 3391; baseline 0.005 -26"><span class='ocrx_word' id='word_1_236' title='bbox 162 3309 227 3366; x_wconf 73' lang='lat' dir='ltr'>&#39;eum</span> <span class='ocrx_word' id='word_1_237' title='bbox 249 3313 301 3367; x_wconf 85' lang='lat' dir='ltr'>eisc</span> <span class='ocrx_word' id='word_1_238' title='bbox 326 3314 450 3391; x_wconf 78' lang='lat' dir='ltr'>agnosco.</span> <span class='ocrx_word' id='word_1_239' title='bbox 493 3312 576 3370; x_wconf 85' lang='lat' dir='ltr'>Nihil</span> <span class='ocrx_word' id='word_1_240' title='bbox 593 3314 667 3367; x_wconf 89' lang='lat' dir='ltr'>euim</span> <span class='ocrx_word' id='word_1_241' title='bbox 683 3316 750 3368; x_wconf 79' lang='lat' dir='ltr'>artie</span> <span class='ocrx_word' id='word_1_242' title='bbox 767 3316 796 3366; x_wconf 90' lang='lat' dir='ltr'>iu</span> <span class='ocrx_word' id='word_1_243' title='bbox 815 3316 905 3388; x_wconf 87' lang='lat' dir='ltr'>pretio</span> <span class='ocrx_word' id='word_1_244' title='bbox 924 3314 1024 3368; x_wconf 77' lang='lat' dir='ltr'>coloris</span> <span class='ocrx_word' id='word_1_245' title='bbox 1043 3315 1166 3370; x_wconf 85' lang='lat' dir='ltr'>coccinei</span> 
     </span>
     <span class='ocr_line' id='line_1_32' title="bbox 162 3396 1165 3472; baseline 0.004 -22"><span class='ocrx_word' id='word_1_246' title='bbox 162 3398 330 3471; x_wconf 78' lang='lat' dir='ltr'>intelligitur.</span> <span class='ocrx_word' id='word_1_247' title='bbox 375 3400 496 3452; x_wconf 86' lang='lat' dir='ltr'>Pertinet</span> <span class='ocrx_word' id='word_1_248' title='bbox 517 3397 659 3453; x_wconf 83' lang='lat' dir='ltr'>luxuriosa</span> <span class='ocrx_word' id='word_1_249' title='bbox 682 3396 749 3452; x_wconf 79' lang='lat' dir='ltr'>luec</span> <span class='ocrx_word' id='word_1_250' title='bbox 774 3399 886 3472; x_wconf 77' lang='lat' dir='ltr'>peritia,</span> <span class='ocrx_word' id='word_1_251' title='bbox 908 3399 942 3452; x_wconf 80' lang='lat' dir='ltr'>ad</span> <span class='ocrx_word' id='word_1_252' title='bbox 966 3401 1058 3472; x_wconf 80' lang='lat' dir='ltr'>operis</span> <span class='ocrx_word' id='word_1_253' title='bbox 1079 3400 1165 3455; x_wconf 79' lang='lat' dir='ltr'>artili-</span> 
     </span>
     <span class='ocr_line' id='line_1_33' title="bbox 162 3481 1166 3558; baseline 0.007 -25"><span class='ocrx_word' id='word_1_254' title='bbox 162 3481 252 3541; x_wconf 85' lang='lat' dir='ltr'>cium,</span> <span class='ocrx_word' id='word_1_255' title='bbox 273 3481 384 3535; x_wconf 72' lang='lat' dir='ltr'>artificis</span> <span class='ocrx_word' id='word_1_256' title='bbox 406 3501 526 3545; x_wconf 84' lang='lat' dir='ltr'>nomen,</span> <span class='ocrx_word' id='word_1_257' title='bbox 548 3483 656 3538; x_wconf 73' lang='lat' dir='ltr'>subulae</span> <span class='ocrx_word' id='word_1_258' title='bbox 672 3483 824 3538; x_wconf 82' lang='lat' dir='ltr'>secretioris</span> <span class='ocrx_word' id='word_1_259' title='bbox 839 3485 1112 3558; x_wconf 81' lang='lat' dir='ltr'>interpretationem.</span> <span class='ocrx_word' id='word_1_260' title='bbox 1134 3485 1166 3540; x_wconf 84' lang='lat' dir='ltr'>itt</span> 
     </span>
    </p>
   </div>
   <div class='ocr_carea' id='block_1_6' title="bbox 164 3666 1167 4163">
    <p class='ocr_par' dir='ltr' id='par_1_20' title="bbox 164 3666 1167 4163">
     <span class='ocr_line' id='line_1_34' title="bbox 204 3666 1167 3749; baseline 0.009 -32"><span class='ocrx_word' id='word_1_261' title='bbox 204 3666 231 3717; x_wconf 86' lang='lat' dir='ltr'>in</span> <span class='ocrx_word' id='word_1_262' title='bbox 247 3670 373 3737; x_wconf 73' lang='lat' dir='ltr'>perperit</span> <span class='ocrx_word' id='word_1_263' title='bbox 389 3672 468 3741; x_wconf 82' lang='lat' dir='ltr'>repit.</span> <span class='ocrx_word' id='word_1_264' title='bbox 501 3670 642 3741; x_wconf 77' lang='lat' dir='ltr'>Perprime</span> <span class='ocrx_word' id='word_1_265' title='bbox 682 3669 792 3743; x_wconf 83' lang='lat' dir='ltr'>primus</span> <span class='ocrx_word' id='word_1_266' title='bbox 808 3669 974 3728; x_wconf 75' lang='lat' dir='ltr'>advexerat.</span> <span class='ocrx_word' id='word_1_267' title='bbox 996 3688 1167 3749; x_wconf 78' lang='lat' dir='ltr'>magnopere</span> 
     </span>
     <span class='ocr_line' id='line_1_35' title="bbox 165 3750 1166 3829; baseline 0.01 -28"><span class='ocrx_word' id='word_1_268' title='bbox 165 3750 225 3801; x_wconf 78' lang='grc' dir='ltr'>[ιιιιῐ</span> <span class='ocrx_word' id='word_1_269' title='bbox 260 3752 345 3803; x_wconf 77' lang='lat' dir='ltr'>veltet</span> <span class='ocrx_word' id='word_1_270' title='bbox 379 3752 528 3829; x_wconf 76' lang='lat' dir='ltr'>stmgulrc,</span> <span class='ocrx_word' id='word_1_271' title='bbox 564 3753 643 3807; x_wconf 76' lang='lat' dir='ltr'>lectis</span> <span class='ocrx_word' id='word_1_272' title='bbox 683 3752 897 3827; x_wconf 77' lang='lat' dir='ltr'>exprobrabunt.</span> <span class='ocrx_word' id='word_1_273' title='bbox 949 3754 1008 3811; x_wconf 82' lang='lat' dir='ltr'>vid.</span> <span class='ocrx_word' id='word_1_274' title='bbox 1044 3755 1166 3811; x_wconf 80' lang='lat' dir='ltr'>Livium</span> 
     </span>
     <span class='ocr_line' id='line_1_36' title="bbox 165 3835 785 3912; baseline 0.01 -27"><span class='ocrx_word' id='word_1_275' title='bbox 165 3835 283 3906; x_wconf 79' lang='lat' dir='ltr'>ipsisque</span> <span class='ocrx_word' id='word_1_276' title='bbox 310 3835 378 3888; x_wconf 78' lang='lat' dir='ltr'>adeo</span> <span class='ocrx_word' id='word_1_277' title='bbox 409 3837 578 3910; x_wconf 71' lang='lat' dir='ltr'>pavimentis</span> <span class='ocrx_word' id='word_1_278' title='bbox 603 3837 643 3888; x_wconf 86' lang='lat' dir='ltr'>in·</span> <span class='ocrx_word' id='word_1_279' title='bbox 686 3837 785 3912; x_wconf 81' lang='lat'>59,6.</span> 
     </span>
     <span class='ocr_line' id='line_1_37' title="bbox 164 3918 643 3990; baseline 0.004 -19"><span class='ocrx_word' id='word_1_280' title='bbox 164 3918 274 3977; x_wconf 73' lang='lat' dir='ltr'>ductae,</span> <span class='ocrx_word' id='word_1_281' title='bbox 295 3936 362 3990; x_wconf 81' lang='lat' dir='ltr'>qttor</span> <span class='ocrx_word' id='word_1_282' title='bbox 386 3921 503 3975; x_wconf 75' lang='lat' dir='ltr'>inientes</span> <span class='ocrx_word' id='word_1_283' title='bbox 529 3921 643 3977; x_wconf 72' lang='lat' dir='ltr'>calceet.</span> 
     </span>
     <span class='ocr_line' id='line_1_38' title="bbox 166 4004 1163 4081; baseline 0.01 -28"><span class='ocrx_word' id='word_1_284' title='bbox 166 4005 271 4055; x_wconf 75' lang='lat' dir='ltr'>ilerum</span> <span class='ocrx_word' id='word_1_285' title='bbox 287 4006 365 4057; x_wconf 80' lang='lat' dir='ltr'>uilrm</span> <span class='ocrx_word' id='word_1_286' title='bbox 380 4005 500 4059; x_wconf 75' lang='lat' dir='ltr'>summae</span> <span class='ocrx_word' id='word_1_287' title='bbox 515 4005 644 4060; x_wconf 80' lang='lat' dir='ltr'>lirxuriae</span> <span class='ocrx_word' id='word_1_288' title='bbox 729 4023 833 4059; x_wconf 75' lang='lat' dir='ltr'>coccum</span> <span class='ocrx_word' id='word_1_289' title='bbox 847 4004 984 4081; x_wconf 81' lang='lat' dir='ltr'>intelligit.</span> <span class='ocrx_word' id='word_1_290' title='bbox 1027 4005 1088 4063; x_wconf 82' lang='lat' dir='ltr'>viri.</span> <span class='ocrx_word' id='word_1_291' title='bbox 1102 4021 1163 4063; x_wconf 81' lang='lat' dir='ltr'>not.</span> 
     </span>
     <span class='ocr_line' id='line_1_39' title="bbox 165 4085 759 4163; baseline 0.003 -24"><span class='ocrx_word' id='word_1_292' title='bbox 165 4085 296 4157; x_wconf 74' lang='lat' dir='ltr'>putabam</span> <span class='ocrx_word' id='word_1_293' title='bbox 321 4089 441 4147; x_wconf 75' lang='lat' dir='ltr'>Romani</span> <span class='ocrx_word' id='word_1_294' title='bbox 466 4103 493 4143; x_wconf 91' lang='lat' dir='ltr'>et</span> <span class='ocrx_word' id='word_1_295' title='bbox 517 4091 559 4151; x_wconf 82' lang='lat' dir='ltr'>ei.</span> <span class='ocrx_word' id='word_1_296' title='bbox 593 4088 644 4163; x_wconf 87' lang='lat' dir='ltr'>qui</span> <span class='ocrx_word' id='word_1_297' title='bbox 687 4087 759 4145; x_wconf 76' lang='lat' dir='ltr'>crit.</span> 
     </span>
    </p>
   </div>
   <div class='ocr_carea' id='block_1_7' title="bbox 0 0 1310 4710">
    <p class='ocr_par' dir='ltr' id='par_1_21' title="bbox 0 0 1310 4710">
     <span class='ocr_line' id='line_1_40' title="bbox 0 0 1310 4710; baseline 0 0"><span class='ocrx_word' id='word_1_298' title='bbox 0 0 1310 4710; x_wconf 95' lang='lat' dir='ltr'> </span> 
     </span>
    </p>
   </div>
  </div>
 </body>
</html>
