2596 4710
477 325 818 402 PRAEFATIO.
1057 361 1155 414 mx

128 528 291 593 rentem
316 512 364 588 in
390 509 573 587 Leidenfi
600 518 782 617 exemplo
810 518 946 618 qnod,
983 532 1032 599 n't
1052 526 1151 620 dixi,
1258 606 1264 625 ¹

130 651 353 752 repetebat,
383 649 555 761 mutpvit
571 649 704 741 altera,
732 678 834 752 quae
851 653 903 733 sic
916 654 1056 737 habet:
1086 667 1145 741 M.

129 791 172 865 1³.
209 793 288 893 Qu.
304 764 307 769 ’
326 788 393 862 De
431 782 687 863 Institutione
716 791 897 865 Oratorie
935 794 1030 870 libri
1058 800 1144 883 Xll.

130 928 236 1001 Eam
253 920 439 1037 deinceps
456 944 594 998 omnes
611 919 897 1021 expresserunt,
934 927 1009 1003 nisi
1032 931 1146 1031 quod

136 1058 328 1135 Rollinus
351 1059 562 1157 Epitomoe
581 1053 676 1132 suae
696 1055 877 1156 praefixit
900 1062 1069 1141 titulum
1094 1067 1147 1141 il·

138 1194 228 1269 lum
255 1194 474 1292 antiquitus
495 1189 816 1291 frequentatum
865 1193 1149 1274 Vetustillimse

142 1326 306 1429 quidem
328 1326 545 1418 editiones,
580 1324 693 1403 sicuti
711 1343 860 1405 notum
887 1328 965 1419 est,
1007 1328 1146 1409 inscri-

141 1463 347 1565 ptionibus
376 1485 507 1536 carere
541 1457 679 1537 solent
725 1464 806 1537 'lto
839 1463 884 1539 in
911 1460 1145 1547 Jensoniam

143 1624 219 1675 non
233 1594 308 1685 uisi
326 1596 380 1673 ad
393 1597 540 1672 calcem
563 1590 685 1698 primi
707 1599 953 1699 mitiumque
977 1597 1145 1677 secundi

146 1732 231 1809 libri
250 1733 445 1834 leguntur
459 1732 576 1809 hoec:
613 1738 687 1838 Qu
708 1730 760 1809 de
775 1732 1029 1814 Institutione
1048 1736 1146 1811 Ora·
1199 1794 1202 1799 .

149 1870 240 1944 toria
265 1869 372 1944 liber
391 1867 549 1970 primus
570 1863 661 1943 finit
691 1908 740 1924 -
770 1864 968 1947 secundus
989 1871 1144 1973 incipit.

151 2005 189 2079 ln
217 2003 488 2080 ceterisnihil
510 2000 585 2078 nist
610 2005 865 2114 Quintiliani,
878 2004 982 2081 liber
1004 2009 1145 2084 tertius

154 2153 217 2212 cet.
269 2136 473 2215 Tarvifina
494 2139 540 2213 in
560 2139 764 2238 primibus
785 2124 899 2215 libris
919 2140 1038 2214 habet
1056 2146 1146 2224 Jcn'·

157 2269 340 2350 sonionam
369 2275 484 2349 illum
515 2271 833 2374 inscriptionem,
886 2276 931 2350 in
962 2278 1144 2378 reliquis,

156 2406 265 2507 iisque
298 2411 509 2511 pluribus,
552 2410 751 2510 pluralem
775 2411 911 2532 ponit,
957 2426 1004 2489 ut
1024 2431 1064 2489 et
1091 2413 1143 2490 ad

156 2545 282 2619 calcem
299 2548 423 2622 totius
442 2547 593 2646 operis3
626 2552 741 2640 cujus
762 2560 894 2621 tamen
908 2548 1075 2623 titulum
1097 2550 1143 2624 in
1287 2552 1294 2569 ¹

156 2676 273 2756 fronte
284 2706 358 2757 nec
371 2680 456 2782 ipsa
470 2682 597 2756 habet
656 2680 849 2758 Locutelli
863 2679 988 2758 editio
1005 2682 1050 2757 in
1067 2679 1144 2757 fin·

156 2817 242 2913 gulis
256 2817 368 2895 libris
382 2815 574 2894 ostendit:
606 2815 657 2893 de
673 2815 764 2893 Inst.
786 2818 969 2907 oratoria,
996 2819 1043 2894 in
1061 2814 1144 2894 fine

157 2952 358 3049 pluralem,
382 2954 427 3029 in
445 2951 577 3030 fronte
595 2954 726 3052 operis
745 2949 1005 3054 inscriptione
1026 2968 1142 3031 caret.

158 3088 338 3188 Reliquae
357 3088 560 3191 deinceps,
595 3111 692 3189 quas
718 3087 884 3188 quidem
908 3089 1013 3177 vidi,
1049 3090 1143 3188 plu·

160 3224 264 3299 talem
279 3242 438 3327 ponunt
451 3227 496 3301 in
510 3225 628 3300 titulo
645 3248 783 3301 omnes
804 3239 893 3300 ante
908 3220 1144 3310 Gibsonum,

164 3354 195 3431 in
222 3357 382 3462 lingulis
419 3376 552 3437 tomen
586 3359 700 3435 libris
733 3362 928 3434 variantes
957 3375 996 3432 et
1025 3354 1141 3457 ipsae.

169 3486 301 3573 Romen
317 3474 454 3599 operis*
465 3490 685 3597 expressum
708 3514 730 3566 o
749 3490 939 3594 scriptore
959 3518 1044 3571 non
1059 3517 1143 3567 me·

173 3628 241 3705 nini
257 3646 415 3735 praeter
437 3632 575 3708 locum
601 3634 647 3708 in
672 3627 836 3731 epistola
857 3626 908 3702 ad
936 3624 1142 3728 Bibliopo-

172 3752 240 3855 hm,
271 3772 346 3868 qui
371 3768 461 3844 sane
483 3764 662 3844 defendit
684 3762 980 3841 Gibsonieniam
1006 3760 1143 3839 niteris

170 3896 330 3988 ptionem.
391 3905 538 4002 Neque
566 3918 697 3977 tamen
723 3914 812 3976 tuto
843 3898 940 3975 inde
968 3899 1144 3998 colligas,

169 4020 226 4105 ¹¹⁰0
243 4035 482 4137 potissimum
510 4039 687 4115 nominis
717 4030 946 4136 imposstmn
974 4033 1023 4107 ob
1055 4027 1143 4130 ipso
