2596 4710
220 324 317 409 Ιιοι
482 284 540 379 in.
566 305 668 379 mn.
694 306 1008 400 ommnnm

199 495 357 576 arnulta
371 491 533 571 dicendi
549 495 678 571 virtus
694 493 908 571 omittenda
924 491 989 567 est.
1028 492 1136 570 Nam
1150 493 1248 572 licet

243 609 292 686 stt
307 612 479 709 aliquam
498 612 542 683 in
559 626 710 709 partem
731 611 919 710 pronior,
945 624 991 685 ut
1009 605 1158 684 neceffe
1178 608 1246 698 est,

210 744 216 757 ‘
244 727 381 800 ceteris
404 741 534 799 tamen
559 751 645 800 non
670 725 923 825 repugnabit,
953 739 1069 822 atque
1088 750 1132 798 ea
1151 750 1244 799 cura

241 842 352 942 paria
368 838 484 913 faciet
500 842 568 927 iis,
594 842 638 914 in
654 841 798 939 quibus
815 840 1031 914 eminebat:
1063 838 1161 914 ficut
1173 841 1243 913 ille

240 957 320 1052 (ne
334 955 381 1028 ab
399 953 542 1030 eodem
559 956 741 1056 exemplo
760 954 1012 1053 recedamus)
1033 955 1244 1029 exercendi

243 1095 408 1170 corpora
432 1072 601 1170 peritus,
631 1062 736 1159 non,
773 1068 801 1143 fi
828 1067 1055 1144 docendum
1080 1094 1243 1171 pancra-

240 1181 378 1263 tiasten
401 1183 631 1285 susceperit,
659 1209 798 1284 pugno
820 1181 940 1259 ferire
958 1186 1023 1258 vel
1037 1184 1143 1259 calce
1157 1200 1243 1259 tan·

239 1314 347 1389 tum,
364 1316 432 1374 aut
444 1326 568 1375 nexus
587 1300 724 1387 modo,
747 1316 864 1398 atque
883 1299 928 1373 in
946 1299 1008 1374 his
1025 1316 1153 1375 certos
1171 1300 1242 1373 ali·

238 1441 342 1516 quos
357 1414 536 1503 docebit,
565 1413 633 1488 sed
650 1416 804 1502 omnia,
833 1440 935 1514 quae
948 1411 1041 1488 sunt
1058 1421 1144 1508 ejus
1158 1439 1241 1488 cer·

237 1531 407 1604 caminis.
476 1532 561 1604 Erit
586 1533 657 1629 qui
681 1554 727 1602 ex
748 1529 812 1605 his
838 1530 968 1628 aliqua
991 1555 1076 1606 non
1101 1527 1240 1630 poffitt

193 1648 284 1725 ιΙιΙιι
304 1644 348 1719 id
367 1645 537 1718 maxime
562 1643 672 1742 quod
696 1647 844 1744 poterit
858 1644 1073 1721 incumbet.
1131 1647 1239 1719 Nam

235 1757 328 1868 sant
357 1754 454 1832 haec
487 1758 571 1836 duo
601 1758 762 1834 vitanda
791 1757 971 1859 prorsus:
1007 1784 1157 1846 unum,
1185 1783 1238 1834 ne

235 1889 363 1948 tentes
383 1873 494 1973 quod
516 1872 616 1949 effici
638 1899 723 1949 non
741 1872 870 1975 poffit:
900 1876 1088 1962 alterum,
1117 1898 1170 1948 ne
1188 1874 1236 1948 ab

233 2013 304 2077 eo,
325 1988 437 2090 quod
453 1991 543 2089 quis
559 1991 708 2090 optime
723 1987 834 2077 facit,
861 1990 906 2063 in
922 1989 1051 2078 aliud,
1076 1991 1145 2064 cui
1159 1990 1237 2064 mi·

230 2128 310 2180 nus
326 2102 379 2178 est
395 2104 586 2194 idoneus,
615 2102 831 2180 transferas.
891 2107 941 2178 At
958 2102 985 2177 st
1002 2102 1143 2194 fuerit,
1163 2105 1235 2204 qui

231 2217 460 2307 docebitur,
491 2221 579 2307 ille,
602 2244 724 2318 quem
742 2217 1005 2294 adolescentes
1022 2214 1156 2294 senem
1171 2220 1234 2294 vi·

226 2330 380 2421 dimus,
409 2331 675 2424 Nicostratae,
704 2335 892 2411 omnibus
917 2336 962 2409 in
986 2358 1036 2411 eo
1058 2332 1232 2410 docendi
1242 2342 1279 2402 16

267 2549 345 2602 nulia
359 2548 472 2605 dicendi.
515 2549 608 2606 Guelf.
617 2565 646 2605 et
658 2549 754 2606 Turio.
764 2550 840 2605 neila
853 2548 972 2625 discendi
984 2568 1048 2607 eum
1063 2548 1230 2623 quibusdan

227 2630 334 2694 codd..
355 2632 436 2687 male.
580 2637 718 2690 erninebut.
749 2633 842 2690 Guelt.
860 2653 888 2688 et
901 2636 996 2690 Turio.
1013 2636 1144 2689 emimbit.
1166 2653 1229 2691 cum

225 2715 325 2774 multis
339 2732 367 2772 οι
382 2715 443 2771 edd.
458 2732 490 2772 ut
501 2719 573 2779 Jenf.
588 2725 660 2790 (tac.
678 2720 774 2791 Gen.)
789 2733 818 2772 et
832 2721 917 2774 Tarv-
939 2718 1070 2774 eminebat
1084 2715 1202 2778 Vallem.

225 2899 290 2939 mut.
334 2887 477 2939 Structnra
496 2885 577 2940 baec:
605 2888 632 2940 io
653 2909 706 2962 qua
746 2906 795 2948 .,1.
822 2905 938 2966 magnus
965 2886 1087 2941 luctator
1106 2910 1148 2929 ·-·
1168 2904 1226 2941 non

224 2995 268 3011 -·
296 2967 412 3044 aggreffi
433 2969 550 3023 offendit
569 2973 706 3025 Burman·
747 2971 816 3043 „qni
829 2990 925 3026 ornnes
945 3000 986 3013 -
1008 2990 1094 3025 nexus
1108 2999 1150 3014 ·-
1166 2989 1227 3045 per·

224 3070 303 3112 mun.
317 3054 460 3107 immerito
476 3068 575 3114 tamen,
598 3069 629 3108 ιιι
646 3056 704 3129 opi·
744 3055 871 3115 „didicin
907 3054 993 3112 Ovid.
1009 3056 1126 3111 Metam.
1140 3073 1169 3130 9.
1183 3063 1225 3124 58

222 3154 285 3191 nor.
328 3136 450 3210 Aggredt
464 3135 703 3212 adspemdicitur
744 3137 884 3193 Achelous
913 3138 947 3192 de
976 3136 1112 3194 Hercule:
1152 3138 1225 3199 „vix

220 3234 255 3274 ut
274 3241 297 3280 ι,
315 3235 342 3281 2,
360 3221 398 3275 26
407 3220 440 3296 se
459 3224 552 3275 tollere
568 3224 605 3276 ad
613 3221 700 3296 spent.
744 3222 834 3283 „solvi
843 3223 931 3277 duros
947 3243 961 3275 a
977 3239 1093 3294 corpore
1108 3232 1225 3277 mus.“

218 3303 397 3360 fortitudine
424 3323 494 3379 opus
515 3306 566 3359 effe
587 3306 702 3360 videtur
743 3309 823 3360 Geso.
845 3308 936 3360 Etiam
950 3305 1223 3381 Declam.Qn.5.p.

219 3386 254 3441 ad
276 3403 379 3443 tantam
402 3392 475 3462 spem
490 3390 699 3463 concipiendam
741 3399 781 3463 48
798 3390 979 3464 „implicitun
1001 3389 1117 3444 infando
1131 3401 1226 3446 παῦ’

217 3472 321 3526 animo,
371 3475 476 3548 inqua
497 3489 590 3527 autem
611 3473 699 3549 expli·
739 3475 833 3552 irnago
850 3475 936 3548 petita
950 3493 966 3527 a
980 3472 1063 3527 lucta.

217 3572 264 3610 ca:
286 3578 339 3628 qua
353 3557 454 3618 oblata,
469 3561 544 3628 cnjus
554 3557 697 3635 occafione,
782 3558 958 3632 Nicostratus.
973 3561 1044 3612 Rem
1053 3572 1146 3612 namt
1155 3561 1225 3613 Pau·

215 3636 264 3692 rel
286 3657 319 3693 co
340 3642 528 3716 fendn'accipe
549 3661 607 3714 qno
627 3662 652 3696 e.
669 3662 697 3721 g.
738 3642 823 3696 [atrias
836 3641 855 3696 l.
869 3654 898 3710 5.
913 3661 936 3695 c.
948 3657 983 3695 21
1001 3660 1029 3715 p.
1044 3640 1222 3711 Knbn.432.

216 3722 276 3778 cic.
298 3722 333 3778 dc
355 3724 406 3780 Or.
431 3740 463 3786 2,
488 3726 525 3780 61
552 3727 646 3799 „quod
669 3731 696 3782 ιἰι
738 3723 920 3802 Νικόστρατοι
933 3716 1087 3801 initiatam
1100 3718 1221 3781 ἆνιῖλπο

170 3824 173 3829 “
214 3803 309 3865 „bono
337 3809 417 3862 servo
443 3809 500 3864 dici
530 3808 617 3864 solen·
646 3809 696 3864 nbi
737 3808 785 3872 ciis
805 3803 887 3873 αὖτῆε
906 3810 1073 3885 παγκρατίου
1099 3807 1150 3865 καὶ
1169 3805 1221 3865 nai·

209 3886 298 3946 bodie
319 3893 451 3968 aduxpant
469 3894 523 3955 „dc
547 3893 621 3949 bono
643 3897 696 3950 sea·-
735 3898 785 3958 λης
799 3895 876 3958 νίκην.
899 3895 1032 3952 contraxi
1049 3894 1134 3948 verba
1149 3897 1220 3949 Pan·

206 3986 294 4033 nvo-‘⁸
734 3981 830 4034 faniae.
853 3980 995 4051 Ejusdem,
1009 3992 1042 4031 nt
1051 3976 1119 4032 clari
1131 3976 1220 4034 atble·

251 4078 347 4113 nexus.
366 4061 534 4135 „Proprium
548 4060 692 4136 palaestrae
734 4079 792 4124 tae,
815 4065 859 4118 sed
881 4063 1004 4116 hominia
1023 4060 1105 4116 valde
1123 4062 1218 4116 defor-

203 4142 354 4204 „verbum
386 4147 487 4201 Seneca
500 4145 535 4201 de
549 4148 644 4205 Benof.
661 4163 689 4217 7,
731 4149 795 4210 mia,
808 4148 938 4204 memiana
949 4145 1090 4204 Lucinam
1104 4145 1217 4205 deteri·
