2596 4710
70 296 72 301 ·
181 301 232 381 ,ι
419 287 939 401 n.mn.oo1mnnn1

179 477 366 564 mutatio,
393 475 717 550 vindicaverunt:
749 473 925 548 similiter
946 476 1030 548 alia.
1068 500 1181 565 nam,

180 590 261 666 five
303 588 358 665 est
402 584 608 703 offentior,·
665 589 824 665 Sisenna
862 590 963 663 dixit
1003 582 1179 701 offentto,

178 709 379 806 multique
402 707 589 793 othone,
619 720 657 778 et
678 707 896 804 analogiam
916 704 1057 778 secuti:
1097 703 1180 780 sive

179 822 284 907 illud
305 847 448 896 verum
474 820 548 911 est;
579 820 674 894 haec
698 846 859 920 quoque
878 846 965 919 pars
987 818 1180 896 consensu

133 934 418 1012 ¹4defenditur.
480 939 530 1010 At
543 938 611 1009 ille
626 960 748 1035 pexus
763 938 1002 1035 pinguisque
1019 934 1179 1024 doctor,

179 1069 248 1126 aut
273 1053 357 1126 illic
386 1049 688 1139 detractionem,
726 1066 794 1126 aut
820 1052 887 1124 hit
915 1051 1177 1144 adjectionem

236 1216 295 1294 five
309 1214 349 1291 est
362 1215 496 1293 efferatior.
518 1211 639 1290 fassum,
659 1214 734 1288 qnod
756 1214 831 1275 inter
851 1213 890 1290 ej}
912 1229 939 1268 et
961 1214 1088 1292 efferatior
1111 1215 1181 1271 inse*

72 1322 75 1329 “
100 1330 120 1343 ·=
177 1317 246 1357 runt
264 1320 369 1360 omues,
388 1315 523 1372 quantum
540 1300 633 1360 video,
647 1300 708 1353 edd.
725 1314 834 1374 praeter
850 1299 1021 1352 Andrenunm
1039 1316 1075 1361 et,
1090 1299 1177 1377 longo

178 1386 312 1459 temporit
332 1383 497 1444 intervallo,
520 1385 726 1446 Ges'netianarm
748 1382 848 1438 abesto
868 1383 960 1437 Guels.
975 1385 1079 1457 pariter
1095 1401 1178 1458 atquo

178 1471 213 1525 ab
230 1469 360 1524 omnibus
378 1467 466 1523 codd.
508 1467 628 1542 Regius,
650 1469 702 1540 qni
714 1486 882 1546 magnopere
896 1467 1038 1523 aestuatio
1053 1468 1128 1530 loeo,
1142 1469 1177 1549 de

178 1553 337 1609 florentini
355 1552 487 1625 scriptura
501 1550 574 1604 nihil
592 1552 696 1624 prodit.

178 1708 241 1742 mus
251 1689 274 1756 s.
289 1702 334 1741 ιι.
348 1702 375 1740 et
389 1688 655 1743 inmutatione-et
698 1688 829 1761 scriptor,
846 1701 879 1742 nt
894 1705 995 1741 nomen
1011 1685 1071 1757 eju·
1084 1688 1175 1744 Varro

179 1770 406 1846 transmutatione.
437 1771 472 1823 cf.
489 1771 571 1823 etiam
587 1770 653 1823 inlr.
698 1773 745 1827 suo
759 1772 794 1826 de
808 1769 928 1826 Historia
943 1770 1016 1824 libro
1031 1770 1175 1832 indiderit,

153 1906 157 1913 ,
178 1857 203 1924 s.
222 1870 261 1929 39
281 1874 354 1928 „qua
368 1854 438 1908 ordo
455 1853 612 1909 turbatur.“
697 1857 772 1930 saepe
786 1856 927 1910 veteribus
946 1871 1126 1917 memoratur,
1143 1871 1175 1910 nt

215 1937 655 2017 fineestaffentior-consensu
698 1941 826 1995 Ciceroni
847 1943 927 1994 Brut.
953 1960 975 1993 c.
999 1939 1048 2012 64.
1077 1961 1100 1995 e.
1124 1949 1174 2012 74.

176 2022 339 2099 defenditur.
356 2026 448 2078 Docet
456 2023 511 2078 hot·
518 2023 654 2099 exemplo,
696 2027 770 2079 Eum
792 2025 822 2077 in
838 2026 929 2078 senatu
943 2023 1040 2078 dixisse
1053 2024 1175 2104 offentio,

97 2114 103 2126 '
176 2108 281 2169 multa,
304 2123 333 2162 et
354 2110 404 2162 usu
425 2122 453 2161 et
471 2107 579 2162 ratione
600 2106 656 2183 pri·
696 2104 820 2187 analogia
855 2108 924 2163 duce
957 2123 1051 2162 contra
1081 2110 1175 2170 usum,

149 2250 156 2259 ,
176 2213 256 2249 mum
272 2181 438 2252 adversante,
453 2191 492 2245 ita
509 2206 600 2245 tamen
614 2193 655 2245 in·
696 2207 788 2247 narrat
809 2193 883 2267 apud
899 2191 1022 2247 Gellium
1044 2197 1094 2261 (2,
1113 2197 1174 2260 25)

175 2276 306 2336 valuisse,
327 2278 435 2347 utiam
455 2274 504 2330 illa
521 2275 656 2332 solicitare
696 2280 794 2334 Varro.
856 2276 974 2332 Consule
1001 2277 1036 2330 ‹le
1066 2278 1174 2331 Sisenna

178 2362 268 2416 senno
290 2376 318 2414 et
336 2361 465 2434 ineptum
486 2362 526 2412 stt.
570 2361 656 2414 Sieet
695 2361 916 2417 Sclmeidernm
909 2380 936 2414 ιιι
952 2365 1004 2433 Ep.
1021 2360 1055 2414 ad
1069 2363 1175 2441 Lange·

176 2444 319 2522 offentior,
347 2458 375 2497 et
396 2444 521 2522 offendo,
550 2447 600 2499 usu
619 2443 655 2498 al·
695 2464 775 2505 rum,
801 2445 943 2518 praemissa
963 2444 1079 2500 editioni
1094 2446 1174 2501 Bruti

84 2540 89 2551 ¹
177 2543 286 2590 terum,
316 2527 434 2583 alterum
471 2527 594 2605 analogia
628 2542 656 2583 et
697 2529 885 2587 Wetzelianne
902 2550 929 2603 p.
949 2540 998 2601 ιιι.

177 2612 259 2667 bonis
280 2612 455 2672 auctoribus,
485 2611 654 2667 defenditur.
738 2615 776 2668 At
803 2616 849 2668 isse
875 2636 964 2687 pexus
984 2643 1026 2656 -
1048 2613 1173 2683 adjectio·

175 2695 589 2774 Utrnmcunqueigitnrmalis.
612 2717 656 2752 co·
696 2719 755 2752 nem
784 2699 899 2771 putastis.
944 2698 1097 2754 Consilium
1119 2700 1174 2753 seu·

175 2783 251 2859 geris
279 2783 384 2855 semper
411 2780 458 2835 vel
481 2781 654 2834 eontrarium
698 2783 799 2836 tentiae
825 2797 945 2856 apparet.
988 2782 1090 2837 Irridet
1120 2785 1172 2877 Qn.

175 2867 258 2920 serre.
301 2864 348 2940 Est
369 2864 468 2918 illud'
460 2863 574 2940 tuteris
575 2886 607 2917 ve
627 2881 655 2918 et
696 2868 922 2944 grammaticum.
937 2869 1004 2939 qui,
1019 2886 1094 2922 mera
1108 2867 1172 2921 artie

173 2949 490 3027 offentiordieiturpro:
513 2949 653 3024 veruntejt
696 2954 756 3007 snae
776 2951 910 3006 vocabula
935 2967 963 3005 et
982 2951 1090 3005 decreta
1111 2950 1185 3027 edo-f

173 3034 222 3087 vel
243 3031 311 3107 est
301 3055 328 3087 nr
349 3035 458 3110 singna,
479 3030 516 3107 est
531 3034 651 3087 setinum.
696 3052 772 3097 etna,
794 3054 830 3089 ex
849 3034 955 3089 duabus
969 3033 1104 3108 loquendi
1118 3035 1173 3089 sor·

174 3118 220 3172 Sic
238 3118 318 3191 plane
343 3138 367 3179 ι,
389 3116 424 3178 6,
454 3131 490 3169 21
515 3137 592 3171 avere
614 3115 653 3191 est
695 3121 749 3173 mis
771 3119 928 3173 alterutram
944 3120 1172 3192 utiquedamnat‚

122 3236 125 3243 ·
173 3206 245 3256 enim
265 3221 331 3277 pro:
359 3201 531 3267 avereeuim
558 3201 595 3254 est
622 3203 652 3254 in
695 3204 773 3257 sicuti
801 3205 831 3256 in
860 3208 1000 3278 proposito
1034 3203 1172 3278 exemplo,

173 3284 286 3364 lingna,
314 3306 372 3341 nou
392 3286 497 3340 havere.
541 3286 653 3338 Gerun·
694 3303 780 3360 prout
807 3286 974 3342 alterutrum
1001 3287 1173 3361 praetulerit,

173 3371 251 3424 nice:
272 3374 355 3426 Denu
370 3369 502 3442 sreylich,
525 3387 553 3423 es
571 3369 653 3424 lteisst
693 3387 741 3425 aut
761 3371 957 3425 detractionem
979 3387 1026 3425 aut
1046 3373 1175 3444 adjectio·

174 3475 261 3508 overe.
291 3456 468 3508 illudentem
486 3455 605 3507 refertur·
619 3454 652 3507 ad
693 3475 757 3509 nem
786 3456 965 3529 exprobrabit
994 3457 1074 3510 aliter
1110 3476 1173 3530 pro·

173 3534 496 3614 affenri0,etsipropi11s;
512 3539 652 3611 sraeepars
693 3539 906 3600 nunciantibus,
955 3559 1019 3594 cum
1061 3539 1174 3594 deberet

173 3621 409 3700 adeffentior,etst
423 3623 565 3680 remotius.
576 3621 653 3674 sicuti
693 3639 845 3695 utrumque
883 3626 963 3678 serre.
1022 3622 1173 3698 Quomodo

173 3719 202 3758 et
215 3705 343 3779 deinceps
364 3706 388 3773 §.
410 3715 445 3777 ²4
462 3708 516 3760 illic
539 3734 578 3746 -
600 3706 650 3759 hic.
693 3723 784 3760 autern
806 3706 867 3761 talis
888 3709 968 3782 possit
982 3708 1175 3782 appellaripe-

173 3790 216 3841 Ita
239 3792 314 3863 saepe
334 3809 397 3842 cum
419 3807 513 3843 omnet
540 3789 652 3863 scripto·
693 3812 747 3845 xus
760 3794 919 3867 pinguisque
936 3795 1043 3853 doctor,
1064 3793 1094 3847 id
1116 3811 1174 3846 non

173 3890 235 3934 rea,
257 3889 317 3928 tum
330 3873 427 3926 noster.
450 3874 485 3926 cs.
502 3887 530 3940 5,
549 3887 594 3941 13,
613 3888 649 3926 ιι
694 3894 778 3946 aeque
792 3876 963 3930 manifestum
981 3877 1025 3931 est.
1063 3879 1175 3951 Pinguis

173 3956 237 4011 staec
252 3961 284 4011 ad
300 3958 442 4032 remotius.
473 3957 500 4018 6,
519 3978 542 4018 1,
558 3977 585 4030 9.
602 3972 649 4010 21.
693 3961 769 4031 saepe
789 3979 804 4010 a
825 3960 968 4014 veteribus
992 3961 1097 4014 dieitur
1121 3979 1174 4034 pro

171 4050 202 4109 8,
219 4042 246 4102 6,
262 4053 291 4112 8.
317 4062 363 4103 ιι,
380 4056 471 4109 Mo.
491 4062 536 4103 ιι,
555 4052 649 4113 5‚4r.
692 4042 807 4103 stolido,
837 4059 865 4096 et
891 4045 945 4098 hoc
969 4045 1098 4123 magistro
1125 4043 1175 4098 tali

169 4126 281 4185 Sisenna
307 4125 396 4184 esunt
425 4125 493 4182 adeo
514 4125 650 4182 Historiae
672 4130 862 4203 &convniam
911 4148 976 4183 cum
1015 4128 1174 4205 praesertim
