2596 4710
194 315 268 386 290
442 291 499 359 Μ.
524 290 625 361 FAB.
652 286 967 383 QUINTILIANI

191 506 270 557 nus
306 474 493 553 usitatum
525 473 691 575 incidat,
724 472 858 562 docet,
886 475 1062 550 multum
1093 470 1198 549 infra

168 596 367 684 5rhetoris
386 590 571 675 officinm,
661 589 834 675 ¹inranda
847 588 912 664 est.
964 593 1015 664 At
1030 588 1201 665 demon·

193 710 311 786 strare
342 709 532 792 virtutes,
566 728 657 793 ve,
691 702 720 777 sr
752 704 913 804 quando
941 706 996 776 ita
1028 704 1202 795 incidat,

192 827 311 911 vitia,
340 822 383 896 id
403 818 647 919 profellionis
667 824 750 913 ejus
767 836 886 919 atque
901 818 1091 920 promissi,
1112 846 1198 917 quo
1212 833 1267 899 ¹49

196 938 235 1015 se
255 935 485 1035 magistrum
499 936 749 1033 eloquentiae
764 937 999 1034 pollicetur,
1026 936 1199 1009 maxime

116 1042 148 1123 *a
195 1054 408 1156 proprium
424 1048 496 1124 est:
530 1074 578 1123 eo
596 1049 762 1147 quidem
776 1050 962 1137 validius,
982 1050 1093 1149 quod
1112 1074 1201 1125 non

196 1171 340 1267 utique
360 1167 470 1241 hunc
493 1165 669 1237 laborem
692 1164 923 1239 docentium
944 1162 1125 1263 postulo,
1152 1178 1202 1241 ut

198 1282 249 1357 ad
274 1284 471 1381 gremium
496 1280 707 1366 revocatis,
736 1286 848 1373 cujus
867 1281 1037 1377 quisque
1056 1304 1203 1354 eorum

172 1399 299 1476 fivelit
324 1397 418 1471 libri
445 1395 635 1480 lectione,
673 1394 903 1469 deserviant.
963 1398 1070 1469 Nam
1097 1394 1203 1469 milri

199 1538 292 1588 cum
309 1510 484 1597 lucilius,
510 1525 599 1582 tum
617 1510 735 1582 etiam
750 1511 880 1586 multo
898 1512 1021 1609 magis
1038 1509 1201 1585 videtur

199 1628 319 1713 utile,
350 1624 455 1699 facto
492 1622 645 1698 silentio
689 1652 816 1699 unum
851 1628 1027 1724 aliquem
1061 1624 1201 1725 (quod

198 1738 330 1841 ipsum
351 1740 538 1837 imperari
561 1741 757 1837 pervices
784 1738 1078 1839 optimum-est)
1102 1766 1201 1815 con·

199 1854 361 1930 stituere
377 1856 584 1939 lectorem,
611 1869 658 1927 ut
672 1856 855 1952 protinus
873 1857 1202 1954 pronunciationi

175 1994 366 2073 qquoqne
396 1965 624 2043 assuescant:
668 1984 756 2044 tum
784 1970 956 2071 expolita
978 1969 1117 2058 musa,
1155 1973 1202 2044 in

95 2168 99 2175 ,
201 2110 323 2186 qnam
344 2082 485 2183 scripta
511 2084 664 2181 legetur
690 2087 816 2159 oratio
842 2087 958 2182 (nam
979 2084 1027 2159 stc
1045 2087 1202 2172 clarius,

201 2225 303 2299 quae
322 2198 524 2284 (licentur,
544 2199 714 2299 intelligi
729 2208 955 2299 poterunt),
977 2201 1081 2273 nihil
1099 2203 1203 2276 otio·

201 2312 290 2390 sum
305 2316 404 2412 pati,
423 2312 614 2411 quodque
629 2314 673 2387 in
691 2318 923 2402 inventione,
948 2315 1140 2414 quodque
1157 2317 1203 2389 in

202 2427 409 2503 elocutione
426 2426 697 2502 annotandum
716 2430 810 2502 erit:
833 2456 935 2529 quae
948 2432 992 2504 in
1005 2434 1203 2526 prooemio

132 2624 138 2641 Ι
203 2542 443 2617 conciliandi
467 2542 610 2633 judicis
632 2545 749 2632 ratio;
788 2570 888 2641 quae
905 2547 1093 2618 narrandi
1113 2546 1204 2631 lux,

160 2657 392 2747 brevitas,
429 2654 543 2747 fides;
581 2658 693 2755 quod
726 2659 941 2755 aliquando
973 2658 1203 2747 consilium,

176 2789 244 2857 eet
268 2798 387 2872 quam
409 2773 562 2848 occulta
580 2772 779 2847 calliditas.
809 2799 983 2874 namque
998 2800 1042 2849 ea
1062 2772 1170 2850 sola
1158 2798 1203 2848 m

266 2989 318 3044 quo
331 2968 364 3042 se
377 2988 451 3041 mag.
493 2970 570 3029 Hoc,
592 2966 684 3041 qnod,
705 2969 819 3025 eGotlr.
836 2984 865 3023 et
881 2969 988 3044 aliquot
1002 2986 1149 3046 praeterea,
1163 2988 1206 3025 re·

204 3053 278 3128 cepit
293 3056 372 3109 Gesn.
387 3071 439 3127 pro
455 3051 534 3129 vulg.
550 3052 638 3126 quise
651 3074 722 3127 iring.
741 3055 824 3107 etiarn
841 3052 933 3111 Guels.
948 3054 1003 3109 dat.

245 3138 366 3191 sectione.
409 3141 450 3190 lta
466 3136 558 3190 Guels.
574 3136 669 3190 Turic.
685 3152 712 3189 et
729 3138 813 3192 Goth.
831 3144 901 3205 (tac.
911 3141 1005 3213 (iesu.)
1019 3158 1071 3213 pro
1087 3140 1203 3193 sectioni.

203 3221 347 3277 Accedunt
362 3220 446 3274 multi
460 3236 486 3272 et
503 3220 590 3275 Codd.
607 3235 634 3273 ct
648 3221 709 3274 edd.
732 3221 875 3295 placetque
890 3228 1018 3277 revocatis
1035 3224 1130 3276 dativo
1143 3220 1205 3277 catu
1237 3238 1241 3245 '

203 3304 335 3383 intelligi.
378 3304 424 3359 Est
446 3303 591 3357 difficultas
614 3305 645 3356 itt
662 3324 709 3364 co,
732 3306 808 3378 qnod
830 3306 928 3383 singuli
949 3306 1062 3378 pueruli
1082 3305 1206 3361 diversos

203 3386 291 3442 libros
311 3390 408 3443 afferre
431 3387 463 3439 ad
480 3389 851 3461 praeceptoremvidentur,
876 3410 960 3461 quare
977 3389 1136 3443 blandiatur
1150 3390 1207 3443 sor·

204 3470 268 3525 tasse
289 3472 388 3532 alicui,
410 3470 486 3545 qnod
508 3472 544 3524 eli
566 3473 597 3523 in
612 3472 699 3525 Codd.
715 3471 789 3527 alm.
804 3489 831 3527 et
845 3470 943 3532 llrnll.³
965 3475 1054 3528 liberis
1069 3492 1122 3547 pro
1143 3474 1206 3528 libri

203 3557 318 3624 (Turio.
344 3572 495 3627 utrumque
519 3556 608 3609 liberis
629 3558 691 3610 libri
713 3556 756 3609 sed
771 3559 878 3611 servato
892 3558 977 3622 tulit)
994 3571 1022 3610 et
1038 3561 1050 3623 (
1057 3557 1086 3609 in
1101 3554 1205 3625 Bodl.)

202 3642 328 3717 cujusque
352 3659 405 3713 pro
426 3643 501 3707 cujus
522 3644 644 3713 quisque,
665 3640 763 3693 omisso
781 3642 854 3694 uelit.
898 3640 950 3694 Sed
974 3639 1154 3693 durislimnm
1175 3640 1205 3693 in

202 3740 232 3775 ea
253 3723 403 3797 scriptura,
427 3743 517 3776 eorum
531 3722 634 3776 reserre
649 3722 681 3775 ad
696 3740 820 3797 parentes
834 3723 860 3792 §.
878 3743 903 3779 1.
918 3724 994 3797 qnod
1008 3724 1103 3779 suadet
1115 3722 1205 3779 Loch-

200 3824 318 3860 manum
339 3808 624 3885 Prognanui1790.
649 3827 677 3880 p.
700 3826 746 3861 rt.

241 3960 317 4012 atad
329 3959 459 4031 gremium
472 3954 681 4032 -deserviann
727 3979 752 4017 ι,
769 3976 796 4021 e,
815 3980 839 4013 ι.
857 3975 885 4020 2,
901 3969 929 4032 q,
949 3970 996 4026 ¹5·
1026 3961 1069 4012 Eo
1086 3960 1203 4013 reuocari

202 4040 340 4096 Grerniurn
366 4042 495 4118 siguificat
520 4056 627 4096 tenerae
641 4064 682 4097 ae·
721 4044 758 4099 est
786 4044 889 4117 puerili
915 4047 1009 4098 rursus
1033 4038 1201 4099 institutioni

199 4128 264 4182 tatia
277 4126 490 4181 institutionem.
508 4126 544 4181 cf.
556 4145 583 4188 ι,
594 4146 619 4189 ι.
629 4139 679 4203 aq.
723 4129 804 4185 tradi.
832 4129 892 4185 vid.
906 4143 964 4184 non
982 4127 1054 4187 Crit.
