2596 4710
167 381 242 459 tto
404 368 461 437 m.
487 368 589 437 mu
614 364 928 459 cuminum

138 581 330 659 aquoque
353 553 558 657 duplicem
584 553 832 627 intellectum
857 553 985 627 habet.
1042 554 1168 629 Nam·

163 698 242 773 que
255 698 342 745 nno
360 668 482 745 modo
498 666 542 742 sit
554 666 787 768 appositum,
816 693 883 743 ars
899 667 1101 757 rbennicn,
1122 684 1169 744 ut

161 791 282 885 retroit¹
298 789 487 882 piratica:
524 784 647 859 altero
672 808 820 858 nomen
846 785 923 871 rei3
956 788 1086 883 qualis
1110 783 1165 857 est

157 894 421 1009 philosophia,
442 904 618 973 anticitin.
677 900 765 973 Nos
782 896 904 997 ipsam
920 925 1030 973 nunc
1046 901 1166 975 volu·

159 1043 252 1092 mus
281 1013 496 1113 significare
524 1011 794 1101 substantiam,
831 1029 877 1087 ut
911 1018 1177 1113 grammatice·

160 1132 367 1205 literatum
380 1127 452 1216 est,
479 1155 563 1203 non
580 1129 793 1214 literattt'x,
821 1126 1164 1226 quemadmodum

160 1251 331 1321 oratrix:
358 1270 431 1317 nec
452 1244 686 1330 literatorie,
716 1242 1055 1340 quemadmodum
1074 1270 1163 1320 orn·

131 1366 271 1453 iterio.
300 1364 451 1434 Verum
467 1361 509 1432 in
524 1360 719 1433 rhetorice
737 1384 819 1431 non
835 1356 895 1432 sic.
926 1359 992 1433 Ne
1009 1385 1163 1460 pugne-

157 1501 247 1549 mus
270 1476 411 1573 igitur,
441 1499 532 1547 cum
554 1472 782 1573 praesertim
801 1474 985 1573 plurimis
1008 1476 1161 1573 alioqui

158 1592 314 1664 Graecis
335 1586 381 1662 sit
402 1586 611 1663 utendum.
670 1592 778 1664 Nam
801 1604 904 1663 certe
922 1586 952 1663 ll
970 1585 1159 1699 physicos,

197 1816 284 1891 qualis
297 1814 337 1890 est
349 1814 419 1890 pltt.
441 1812 534 1871 Gnels
543 1816 639 1871 Turic.
649 1830 677 1871 et
686 1815 772 1871 Goth.
782 1818 848 1889 (tau
857 1818 952 1889 Geso.)
964 1812 1077 1895 quaeest
1088 1818 1157 1891 pttt.

157 1918 223 1954 cum
238 1900 313 1955 von.
333 1914 360 1953 2.
377 1914 404 1967 3.
420 1915 448 1955 et
466 1903 547 1954 Rern.
591 1902 630 1955 At
643 1900 720 1957 Voss.
737 1922 764 1955 1·
779 1926 841 1981 qna,
859 1904 889 1957 in
905 1922 962 1977 qno
978 1900 1014 1956 eil
1028 1905 1156 1957 transitus

156 1984 191 2038 td
210 2003 307 2038 veram
332 1985 510 2059 scripturam,
532 2004 602 2058 quae
625 2000 653 2039 et
674 1985 704 2039 in
727 1986 894 2042 Britannicis
908 1988 1022 2042 videtur
1037 1984 1109 2065 legi,
1131 2001 1158 2041 et

156 2068 237 2123 estin
251 2068 313 2122 edd.
328 2048 468 2142 amitibus.
606 2092 659 2124 non
669 2069 720 2146 fic.
761 2073 856 2127 Turic.
873 2069 966 2127 Guels.
983 2071 1067 2127 Gotlt.
1084 2072 1155 2129 Jenl'·

155 2156 227 2221 (tac.
243 2152 341 2228 Gelu.)
355 2174 408 2211 non
433 2168 464 2207 tt.
486 2172 550 2206 cum
564 2157 646 2208 Rern.
661 2166 689 2207 et
703 2153 764 2209 edd.
782 2173 843 2211 ante
858 2158 965 2231 (irvpb.
982 2156 1123 2212 omuibus.

199 2240 243 2292 Ne
263 2259 354 2309 pugn.¹
384 2238 479 2291 Turio.
499 2236 584 2290 Goth.
600 2239 670 2295 Jens.
690 2245 702 2306 (
713 2253 762 2291 tac.
780 2244 874 2314 Gelu.)
897 2244 959 2295 Non
980 2257 1066 2314 pugn.
1091 2260 1153 2296 cum

156 2320 287 2375 oninibus
301 2339 387 2392 paene
400 2319 462 2374 edd.
471 2334 542 2373 vett.
564 2322 616 2375 Sed
625 2321 718 2377 Gttels.
729 2341 865 2397 receptam
880 2326 927 2379 dat
943 2340 970 2379 et
984 2342 1055 2398 puto
1067 2326 1154 2402 aptio-

152 2420 213 2457 rem
227 2401 271 2458 illi
286 2419 432 2476 praecepto
444 2402 529 2457 nostri
547 2425 572 2464 1,
588 2420 623 2472 5,
639 2421 688 2473 50.
725 2409 948 2464 Consnnduntur
961 2412 991 2465 in
1007 2414 1087 2467 MSS.
1101 2432 1154 2467 non

152 2502 228 2541 etue
244 2486 305 2541 vid.
321 2484 462 2543 Drakenb.
478 2486 510 2540 ad
524 2489 589 2542 Ltv.
601 2502 655 2558 33,
672 2502 726 2559 58,
745 2510 789 2546 ιο.
889 2493 917 2570 fi
935 2496 981 2567 ph.
1005 2498 1051 2549 Sic
1059 2498 1152 2551 Turio.

152 2570 247 2626 Guels.
265 2586 293 2624 et
308 2570 394 2626 Goth.
418 2570 486 2639 (ubi
507 2573 587 2626 Geso.
605 2575 745 2651 neglexit,
763 2576 839 2648 qnod
860 2580 1006 2633 omittitur
1019 2586 1082 2647 er).
1104 2582 1153 2635 uid

150 2654 227 2731 quod
242 2674 294 2730 pro
308 2655 509 2731 plyficosdant
524 2658 708 2732 philosophos.
731 2662 883 2715 Praeserarn
898 2664 955 2717 sere
968 2664 1152 2740 philosophos,

150 2753 183 2794 ut
207 2741 300 2794 tritius
322 2741 353 2793 in
373 2739 428 2792 lioc
449 2738 552 2818 genere
570 2760 687 2803 nomen,
709 2763 773 2799 cuin
795 2762 821 2799 et
846 2746 893 2800 alii
909 2746 999 2803 Codd.
1016 2749 1151 2803 accedant.

149 2937 214 2993 dere
237 2936 340 2997 velint,
376 2937 492 2992 reddere
516 2938 630 2993 debeam
671 2944 796 3002 „Graeco
817 2943 983 3005 1·ltetntice‚“
1011 2947 1058 3001 eni
1082 2948 1150 3004 bene

149 3021 232 3076 limili
254 3021 281 3075 ei
309 3023 414 3083 sotnu,
442 3040 513 3095 quae
536 3026 572 3076 est
599 3026 628 3077 in
672 3028 824 3099 respondet.
839 3032 915 3103 quod
932 3032 1069 3103 sequitur:
1087 3034 1151 3093 „Ne

104 3139 110 3155 2
149 3107 315 3180 eloquentia,
351 3121 385 3160 ut
418 3125 485 3187 ergo
522 3107 629 3162 dicatur
670 3114 790 3183 „igirnn‘
806 3126 857 3166 eet.
882 3120 925 3167 An
942 3117 981 3169 ita
996 3116 1083 3171 luctui
1100 3118 1151 3171 lint

150 3193 266 3243 orantia.
335 3183 338 3189 ’
670 3211 778 3249 veteres
800 3218 870 3256 ‚men
888 3199 949 3274 sie·
978 3200 1052 3273 qnod
1077 3201 1149 3254 milii

191 3271 354 3348 appositum.
394 3270 477 3328 l‘lane
504 3294 556 3348 pto
580 3276 629 3329 all·
670 3280 791 3334 nostrum
807 3284 1080 3339 lerntonentvidetur
1095 3285 1150 3340 ole-

146 3358 255 3424 jeetitu,
274 3361 340 3409 licut
355 3370 382 3408 et
398 3374 433 3430 9,
455 3370 492 3428 4,
516 3370 553 3432 24
579 3376 630 3417 „ut
669 3382 708 3423 re,
725 3384 739 3416 a
755 3364 934 3437 peritioribus
944 3368 1150 3425 velimdiscere.

150 3470 209 3497 ,‚—
223 3442 337 3492 nomina
352 3444 481 3514 appositis
491 3473 531 3484 —
545 3445 630 3497 essent
670 3448 699 3500 Si
708 3446 747 3523 fit
767 3447 871 3526 legitur
885 3470 937 3523 pro
944 3452 986 3529 ste
1000 3454 1074 3524 (tid.
1089 3470 1148 3508 not.

148 3524 297 3595 „pt·ioi·a.“
360 3525 500 3600 Deinceps
536 3544 628 3599 autem
671 3532 756 3601 crit.)
779 3534 949 3611 intelligam:
970 3538 1019 3597 „iu
1040 3540 1150 3593 rloetori·

149 3627 261 3665 „nomen
284 3611 339 3660 rei“
360 3610 503 3663 rectissnne
524 3612 629 3667 dicitur
668 3638 724 3676 nee,
739 3617 877 3671 vocabulo
892 3622 1006 3682 Graeco,
1020 3641 1078 3677 non
1093 3640 1149 3677 tam

149 3708 202 3763 pro
215 3690 396 3764 stripinneium
668 3714 750 3773 „apta
774 3702 805 3755 fit
822 3707 911 3757 versio
927 3707 1041 3767 Latina,
1065 3726 1148 3783 qnam

193 3775 291 3827 let-nm
308 3804 347 3817 -
356 3778 409 3846 jie.
450 3773 576 3849 Abrupta
592 3779 629 3832 esl
667 3784 717 3843 „in
731 3784 834 3847 altero.
850 3796 1054 3861 gramntatt'ee.“
1074 3796 1148 3848 Tum

149 3854 352 3929 sementinqna
367 3856 627 3915 sacilecarebnnntt.
668 3884 742 3923 recte
776 3870 855 3924 tollas
891 3872 1147 3947 interpunctionem

148 3940 263 3995 Gesneri
283 3942 353 3993 ratio
375 3941 441 3995 haec
461 3944 512 4006 cll,
534 3960 566 3999 ut
586 3946 628 3999 di·
667 3967 730 4006 ante
764 3955 870 4010 Verum.
926 3962 990 4023 lloc
1017 3961 1094 4017 dedit
1119 3977 1147 4018 et

146 4037 225 4077 ctum
240 4028 269 4077 lit
284 4027 392 4097 proiit:
414 4027 508 4087 „Talis
524 4044 625 4091 antem,
666 4038 831 4111 Gedoyunt.

143 4106 272 4181 „qudem
307 4109 398 4163 adhuc
425 4110 625 4179 demonstravi,

142 4191 309 4252 „dillicultat
324 4194 427 4247 nonest
439 4193 471 4246 in
486 4198 624 4253 vocabulo
698 4201 727 4279 fi
742 4205 879 4283 plyficos.
898 4208 958 4268 vid.
976 4228 1037 4271 not.
1053 4216 1122 4273 crit
