2750 4800
309 421 313 433 ·
395 403 736 478 enarrarre.
975 423 1071 494 me

59 613 140 690 pro
162 589 300 690 aliquo
319 589 481 688 piaculo
502 593 782 694 exprobratum
801 591 865 670 iri.
922 591 1066 696 Magni

59 723 154 802 sarie
184 721 288 800 facio
315 724 472 813 virum,
500 728 651 816 Latini,
683 729 768 817 iuro
796 727 953 816 Graeci,
982 752 1064 802 car·-

58 860 184 936 minis
222 883 309 934 non
348 857 639 958 poenitendum
676 857 884 954 artificem,
941 885 1065 961 quem

57 990 290 1094 praesertim
316 989 820 1095 nostrerumprincipum,¹
846 995 960 1072 velut
979 997 1063 1072 Fri·

58 1125 189 1202 derici
216 1125 409 1202 Guiielmi
435 1129 582 1229 magnii
613 1155 677 1206 res
705 1126 826 1228 gestae
853 1127 1063 1228 nostraque

57 1257 250 1350 instituta,
268 1261 382 1338 velut
390 1261 642 1339 Academiam
658 1261 978 1352 tridentanam,
994 1263 1062 1338 vel

60 1397 273 1496 praecipue
303 1397 602 1487 celebrantem,¹
628 1401 747 1474 etiarn
774 1400 935 1476 caritate
967 1420 1064 1497 qua·

60 1529 152 1606 dam
182 1534 330 1632 patriae
359 1530 575 1610 exosculari
599 1531 779 1614 debeam.
856 1531 941 1611 Sed
969 1530 1064 1612 dili·

59 1669 214 1766 gentia,
249 1665 279 1742 fi
308 1666 409 1768 quid
434 1668 577 1758 video,
617 1683 657 1744 et
685 1667 868 1744 acumine
895 1669 941 1744 iu
968 1667 1063 1742 alie-

57 1803 120 1882 nis
144 1798 319 1878 senfibua
346 1800 632 1904 perspiciendis
663 1819 703 1878 et
737 1801 966 1880 divinandis
997 1827 1063 1876 ca-

30 1939 139 2026 „tuit
168 1937 294 2017 homo
322 1938 473 2038 poetici
500 1939 625 2038 magis
651 1938 804 2026 caloris,
831 1961 952 2036 qnam
975 1937 1062 2014 Cri-

57 2072 155 2146 ticae
183 2075 454 2152 accuratioris.
535 2077 617 2150 Tot
645 2088 777 2148 autem
804 2071 1106 2196 eruditorum·
1214 2173 1216 2181 Ι

56 2203 262 2284 laboribus
288 2208 334 2282 in
361 2231 453 2282 meo
481 2205 671 2310 scriptore
700 2207 923 2297 collocatis,
969 2201 1059 2285 fieri

56 2363 140 2416 nun
170 2325 327 2443 pontit,
368 2344 470 2444 quin
499 2343 675 2444 pharima
703 2350 783 2438 jam
810 2341 900 2420 [atis
926 2340 1060 2440 exple·

57 2491 144 2550 nata
172 2480 400 2578 reperirem.
470 2483 564 2586 Quo
593 2479 638 2562 in
671 2500 814 2580 genere
848 2477 955 2556 nihil
992 2475 1058 2550 ula

57 2623 117 2684 tra
142 2593 282 2688 lectori
310 2613 530 2690 debebatur
557 2639 580 2688 a
608 2639 694 2701 me,
730 2637 853 2712 quam
873 2627 921 2688 ut
940 2606 1065 2724 hasce·

57 2769 152 2846 opea
173 2773 295 2848 quum
316 2745 594 2850 religiofissime
620 2750 666 2824 iu
690 2753 777 2843 ejus
792 2741 1054 2826 commodum

58 2899 337 2959 converterem.
422 2887 475 2961 Et
512 2897 617 2960 recte
657 2881 802 2960 vident
837 2905 903 2957 me
944 2875 1052 2954 tueri

58 3015 294 3117 Quintiliani
323 3017 404 3094 mei
434 3017 562 3094 dicto:
610 3023 807 3108 „Pratum
836 3015 892 3092 est
919 3011 1082 3116 quodo.

60 3146 171 3236 „dum
184 3147 362 3228 studium
377 3151 483 3230 nihil
498 3177 641 3235 eorum
662 3177 763 3254 quae
780 3153 892 3255 prior
906 3147 1053 3248 aliquis

60 3289 278 3386 „occuparit
291 3285 470 3378 dicende
498 3287 778 3388 quaeambitio
797 3283 940 3388 procul
961 3281 1051 3356 aba

62 3416 174 3498 „rit-a
195 3445 269 3498 me.
337 3423 486 3504 Dicam
504 3424 614 3499 enim
633 3447 718 3498 non
739 3423 904 3520 utique,
946 3436 1050 3515 quae

64 3547 280 3650 „inveneru
307 3555 377 3636 sed
392 3557 739 3662 quaeptrcebuee‘
759 3577 799 3645 a,
818 3574 882 3644 152
898 3569 964 3644 ³7·
980 3565 1050 3638 58·

145 3821 290 3904 Praeter
332 3827 529 3934 editiones
565 3827 684 3924 iustas
716 3825 920 3927 scriptoria
953 3819 1049 3912 mei,

65 3945 257 4034 affuerunt
273 3965 373 4042 milri
389 3963 692 4066 etiamquidam
719 3961 970 4040 eruditorum
998 3955 1050 4032 li·

63 4083 174 4179 belli,
210 4097 350 4194 quibus
378 4099 558 4196 ejudem
584 4099 931 4204 interpretationes
954 4115 1051 4170 eou-
