2596 4710
175 367 250 437 55ss
313 362 321 403 t
410 344 938 461 mnnoum'rnnnm

176 542 302 630 (narn,
329 533 375 635 id
411 537 629 611 benevolos
666 531 809 631 facit),
855 533 1017 632 quoties
1050 547 1223 627 autem‘

177 650 267 728 fieri
289 654 459 753 poterit,
491 676 583 726 cum
606 652 791 724 materiae
814 650 986 724 utilitate
1011 652 1226 748 jungeri-2⁷

178 767 241 842 da.
324 770 464 842 Minus
484 765 780 840 Lacedaemone
810 762 937 840 studia
963 766 1187 853 literarum,

179 908 302 983 quam
337 882 524 970 Athenis,
568 882 736 955 honoris
760 881 1043 955 merebuntur:
1095 881 1187 979 plus

178 999 388 1098 patientia,
424 994 632 1073 fortitudo.
695 999 825 1096 Rapto
853 998 993 1069 vivere
1020 996 1186 1101 quibos-

179 1111 274 1185 dam
297 1108 529 1199 honestum,
565 1113 653 1187 aliis
676 1136 771 1185 cura
792 1113 937 1209 legum.
1004 1112 1186 1209 Frugali-

178 1240 238 1301 tas
264 1225 373 1324 apud
398 1225 595 1325 Sybaritas
619 1223 780 1302 forsitan
804 1225 900 1301 odio
928 1223 1047 1315 foret,
1079 1241 1185 1301 vete·

178 1341 292 1415 ribus
334 1344 526 1425 Romanis
573 1338 772 1415 summum
817 1342 979 1415 luxuria
1020 1343 1182 1415 crimen.

131 1455 332 1545 25Eadem
358 1457 403 1529 in
430 1454 592 1556 singulis
622 1451 852 1531 differentia.
919 1458 1099 1531 Maxime
1126 1454 1184 1530 fa·

178 1585 249 1665 vet
277 1568 417 1663 judex,
469 1574 541 1672 qui
570 1569 642 1644 fibi
672 1572 868 1645 dicentem
906 1569 1079 1646 affen'tiri
1108 1598 1182 1672 pu·

177 1698 244 1759 tat
331 1684 443 1759 Idem
478 1688 670 1785 praecipit
703 1686 807 1761 illud
845 1712 1021 1786 quoque·
1046 1684 1181 1785 (quod

177 1824 276 1873 mox
303 1802 515 1875 Cornelius
545 1798 681 1875 Celsus
710 1825 836 1901 prope
866 1799 987 1901 supro
1014 1800 1181 1877 modum

179 1912 366 2011 invasit),
395 1917 490 2012 quia
519 1914 564 1993 fit
592 1914 786 2013 quaedam
807 1917 1029 1993 virtutibus
1055 1943 1099 1991 ac
1121 1919 1181 1991 vi·

179 2030 247 2104 tiis
274 2032 470 2121 vicinitas,
496 2030 694 2106 utendum
722 2032 900 2130 proxima
933 2031 1179 2108 derivatione

179 2145 418 2235 verborum,
466 2151 514 2222 u't
543 2172 617 2247 pro
655 2147 863 2222 temerario
891 2144 1058 2237 fortem,
1108 2174 1179 2250 pro

116 2426 126 2439 .
241 2380 393 2437 benevolos.
436 2384 505 2438 Tur.
528 2383 621 2439 Guelf.
645 2383 733 2441 Goth.
756 2399 784 2439 er
798 2388 870 2445 Jent.
893 2392 962 2456 (nc.
986 2390 1094 2466 Geta.)
1114 2391 1180 2446 beni·

82 2496 85 2507 ·
179 2464 266 2525 volve,
288 2486 350 2519 eum
367 2465 428 2520 edd.
445 2481 508 2520 ante
525 2469 635 2523 Cervic.
652 2484 769 2543 excepto
785 2468 847 2525 Ald.
892 2473 989 2529 Ceteri
1010 2476 1035 2530 Ε
1058 2472 1180 2529 voe-lm

179 2547 298 2609 hibent,
320 2569 403 2623 qnam
421 2549 556 2605 scribendi
570 2551 710 2607 rationem
726 2574 761 2607 ex
774 2555 939 2611 auctoritate
952 2573 1086 2613 veterum
1100 2558 1179 2614 libro-

179 2650 245 2689 rum
262 2634 402 2709 improbat
415 2637 575 2710 Dausquiue
588 2640 618 2691 in
638 2637 666 2693 h.
682 2658 712 2692 v.
743 2642 794 2693 Per
809 2643 821 2691 1
838 2640 924 2694 nostri
938 2642 1030 2698 codd.
1047 2658 1076 2697 et
1095 2656 1129 2711 3,
1150 2652 1178 2713 3,

179 2733 210 2788 7.
237 2739 282 2781 ιο,
309 2741 333 2780 ι,
356 2729 406 2790 48.
592 2720 719 2800 affrntiri.
762 2721 856 2777 Guelf.
878 2724 1009 2803 efferitati
1024 2746 1089 2783 cum
1106 2726 1177 2783 Alm.

178 2806 274 2857 Ioann.
291 2803 366 2861 Voff.
387 2825 411 2858 r.
428 2818 456 2873 3.
481 2820 509 2860 et
524 2804 586 2859 edd.
602 2820 664 2859 ante
676 2806 815 2861 Stoerium
831 2809 899 2862 mein
913 2809 1058 2865 omnibns.
1086 2812 1179 2867 Turie.

178 2888 288 2948 siletur,
311 2907 395 2962 quem
410 2888 444 2943 ab
459 2889 533 2944 Alm.
550 2890 677 2944 recedere
688 2890 717 2944 h.
731 2889 750 2944 l.
766 2891 862 2946 mirer.
903 2896 1076 2968 Scripturam
1093 2896 1179 2970 perd

177 2972 334 3027 defendunt
349 2975 496 3030 vv.D1).
518 2974 553 3027 ad
573 2973 673 3046 Vellej.
691 2990 725 3034 2,
746 2985 804 3046 48,
829 2996 855 3030 ι.
876 2994 935 3049 quo
953 2978 1063 3057 ablegat
1083 2984 1176 3036 Burm-

177 3060 252 3117 Nam
277 3073 305 3112 et
326 3058 369 3113 ibi
391 3072 420 3112 et
441 3078 464 3113 c.
486 3069 544 3128 128
567 3062 609 3119 fic,
638 3058 871 3114 fineedulationir
886 3061 1102 3139 significatione,
1124 3082 1178 3141 quo

176 3144 281 3199 accedit
297 3143 429 3199 Frontini
441 3142 521 3199 locus
544 3158 571 3211 5.
592 3158 620 3211 5,
639 3152 660 3215 4
683 3142 881 3199 attulmtenio
895 3146 1004 3203 allatio.

178 3342 246 3399 teies
266 3343 285 3399 l.
309 3342 393 3397 modo
419 3344 504 3398 citato
534 3363 562 3417 p.
586 3343 656 3409 376.
698 3363 748 3399 rus
765 3344 799 3399 ed
820 3345 939 3418 Quintil.
962 3364 1017 3419 pro
1039 3346 1178 3415 ἐπίβουλον

176 3426 281 3484 οἴεσθαι
295 3422 338 3481 δεῖ
353 3433 434 3483 ποιεῖν
448 3425 661 3483 muneremur·
699 3428 792 3483 [tradet
804 3425 967 3504 παράβολον,
985 3431 1127 3509 ingeniose
1136 3432 1178 3488 sed

173 3508 222 3568 τδν
236 3506 374 3588 ἀκροατήν.
698 3513 733 3567 ed
752 3514 842 3588 ipsum
859 3515 939 3568 Arist.
958 3514 1055 3570 locum
1081 3536 1177 3591 parum

697 3597 911 3653 accommodate.
963 3600 1010 3654 De
1025 3620 1056 3655 re
1072 3603 1128 3675 ipsa
1143 3602 1178 3655 cf.

698 3697 726 3742 2,
752 3697 799 3743 12,
818 3691 848 3752 4.
878 3685 1015 3739 Gesnems
1037 3686 1179 3741 derivatio·

104 3616 112 3627 ἱ
216 3638 345 3714 offentiri.
374 3636 411 3690 ef.
425 3636 571 3694 noterit.

219 3761 293 3814 Idem
306 3765 447 3835 praecipit.
486 3760 654 3837 Rhet.1,9,
696 3788 755 3820 nem
780 3785 797 3822 e
824 3767 991 3820 rusticorum
1021 3773 1073 3825 usn
1100 3772 1179 3826 docte

176 3854 226 3913 ng.
255 3861 301 3912 20.
326 3866 352 3917 p.
374 3860 440 3912 103.
468 3847 497 3899 in
515 3865 572 3918 qno
592 3845 653 3900 loco
695 3849 826 3911 illustrat,
848 3844 1178 3929 etriuouofcmihujun

175 3947 228 4004 pro
249 3920 367 3997 εὔψυχον
389 3950 453 3983 cum
472 3934 587 3986 Mureto
605 3927 653 3995 dm·
694 3935 745 4007 qui
758 3951 875 3989 vocatur
898 3957 912 3990 r
934 3940 1064 4000 Graecis.
1086 3958 1176 3995 exem·

174 4008 275 4089 χρδνε
299 4015 368 4069 eod.
390 4016 495 4069 Victor.
517 4016 553 4069 est
573 4034 652 4090 repo-
693 4018 738 4092 pla
761 4019 936 4075 demonstrat.
981 4023 1026 4079 Cf.
1043 4024 1176 4079 Ruhnke-

172 4098 312 4158 nrndum‚
341 4096 417 4170 quod
448 4116 520 4154 recte
550 4101 651 4174 probat
691 4103 771 4155 nium
799 4105 834 4160 ad
859 4106 1009 4162 Timaeum
1032 4109 1175 4187 sophistem

170 4184 290 4241 Vateruc
310 4185 345 4241 V.
364 4183 396 4254 C.
418 4182 453 4236 ad
469 4183 498 4238 h.
515 4183 534 4239 l.
552 4187 654 4241 Gesne·¹
690 4206 719 4262 p.
738 4185 809 4243 266.
