2596 4710
184 259 256 345 aaa
413 254 469 328 aa.
495 214 597 333 aaa.
623 212 962 365 qoinmnni'
1042 254 1048 281 ⁵

127 432 131 441 ¹
182 449 445 548 praeceptoris
469 443 687 547 discipulus
709 446 896 547 pendeat,
931 459 1049 544 atque
1071 437 1116 517 id
1143 440 1183 517 se

183 556 319 639 dixille
344 577 467 650 recte,
497 562 609 659 quod
629 563 677 636 ab
692 588 740 638 eo
759 562 1012 661 probabitur,
1042 557 1184 633 credat
1207 614 1210 619 -

140 679 367 753 ²⁰Illavoro
385 666 637 766 nitidulum,
668 683 863 776 quaejam
884 675 1102 750 humanitas
1115 700 1206 750 vo·x

188 808 317 879 catut,
349 793 523 894 invicem
548 793 837 891 qualiacunque
858 789 1066 878 laudandi,
1094 794 1191 864 cuin

190 905 245 981 est
267 905 454 983 indecora
475 924 513 980 et
533 907 749 994 theatralis,
787 923 825 980 et
846 904 980 981 severe
996 903 1254 980 institution

145 1005 149 1017 ⁴
189 1021 334 1098 scholis
357 1023 501 1110 aliena,
527 1039 613 1098 lum
635 1020 856 1097 studiomm
877 1017 1193 1121 perniciofiffima

189 1135 324 1233 hostis.
390 1141 640 1237 Supervacua
669 1141 777 1211 enim
804 1136 997 1211 videntur
1024 1160 1120 1210 cura
1148 1159 1193 1209 ac

190 1252 323 1340 labor,
360 1269 510 1352 parata,
551 1252 751 1352 quidquid
787 1247 1022 1343 effuderint,
1059 1248 1191 1325 laude.

56 1446 61 1457 ,
149 1369 361 1442 uvaltum
381 1369 507 1467 igitur
527 1370 794 1467 praeceptoris
816 1370 984 1456 intueri,
1017 1366 1097 1440 tam
1120 1366 1207 1464 qui¹

59 1476 63 1485 '
194 1476 383 1569 audiunt,
419 1481 583 1567 debent,
619 1510 739 1581 quam
772 1481 853 1582 ipse
889 1484 960 1580 qui
988 1481 1095 1557 dicia
1141 1483 1196 1553 ita

195 1601 303 1671 euim
321 1596 523 1695 probanda
538 1613 656 1695 atque
673 1598 933 1697 improbanda
949 1594 1196 1671 discernent:

194 1707 245 1785 fic
282 1709 369 1787 stilo
400 1708 563 1787 facultas
592 1716 816 1812 contingen
856 1712 1062 1788 auditione
1088 1710 1198 1804 judi-

150 1827 315 1905 uelum.
379 1828 430 1900 At
465 1853 574 1901 nuno
616 1830 737 1927 proni
771 1844 886 1927 atque
921 1825 1109 1903 succincti
1147 1824 1201 1901 ad

196 1966 358 2018 omnem
373 1939 588 2018 clausulam
599 1969 682 2019 nou
698 1959 896 2043 exurgunt
909 1941 1044 2031 modo,
1052 1966 1198 2020 verum

258 2178 341 2234 quam
351 2158 536 2229 jein-'Turio
552 2158 625 2213 alm.
640 2158 720 2215 Bodl.
737 2160 825 2215 Andr.
840 2181 884 2234 qu.
900 2165 988 2215 etiam.

262 2243 436 2316 Supenvacua
449 2273 491 2285 ··-
504 2243 636 2298 videntur.
679 2242 771 2299 Guelf.
787 2262 849 2299 curn
866 2245 951 2299 Goth.
965 2244 1078 2303 videaur,
1093 2240 1200 2297 ethaeo

198 2320 396 2401 plerarumque
408 2340 471 2381 anta
479 2328 577 2382 Burin.
585 2326 647 2381 edd.
663 2327 804 2402 scriptura.
830 2329 928 2383 Alluut
943 2343 1032 2382 tamen
1047 2345 1104 2381 non
1119 2327 1201 2402 pauci

201 2408 291 2464 eade.
312 2425 340 2463 et
354 2408 462 2482 aliquot
474 2408 536 2466 edd.
552 2426 622 2466 vett.
637 2427 774 2486 receptam
789 2412 900 2469 dantea.
921 2431 989 2483 quae
1005 2409 1059 2466 sola
1074 2428 1141 2465 vera
1156 2411 1201 2465 est.

156 2552 171 2571 x
258 2491 300 2570 fic
314 2491 392 2569 stilo.
437 2494 529 2551 Guell'.
545 2510 573 2549 et
589 2497 684 2550 Turio.
695 2495 722 2573 fi
738 2493 776 2572 st.
800 2515 862 2549 cum
877 2496 953 2551 Vols.
974 2518 999 2551 ι.
1039 2496 1107 2551 Νοιι
1121 2514 1204 2571 pror·

202 2576 245 2633 sua
262 2576 405 2651 displicet.
427 2578 468 2633 [erl
486 2579 571 2635 obstat
587 2579 675 2636 Codd.
689 2596 716 2634 et
731 2579 792 2635 edd.
809 2580 965 2642 consensus,
986 2594 1014 2633 et
1028 2580 1117 2655 potest
1135 2581 1204 2635 ferti

203 2661 342 2738 anaphora
357 2667 397 2719 iae
411 2693 454 2708 -
461 2661 518 2741 fic,
538 2682 622 2738 quam
637 2664 671 2718 de
684 2663 817 2719 industria
831 2665 981 2720 variaverit
994 2664 1121 2739 scriptor.
1149 2670 1152 2677 '

205 2829 261 2889 nei·
274 2828 383 2903 qualem
399 2831 515 2906 exponit
528 2832 559 2886 iu
575 2833 685 2908 epistola
726 2835 832 2888 audicio
854 2848 1027 2893 ceterorum,
1048 2833 1100 2906 qui
1120 2832 1206 2887 inter·

207 2911 242 2967 ad
270 2913 425 2968 Guariniun
459 2917 580 2996 Poggius
617 2922 687 2986 (Fa-
728 2920 789 2973 sunt
802 2918 966 2972 recitationi.
987 2915 1205 2990 Perperametld·
1237 2944 1240 2951 ·

206 2989 276 3052 lario.
292 2997 366 3052 Bibl.
381 2996 430 3052 lat.
446 3002 513 3055 Ean.
530 3001 593 3057 Vol.
613 3017 640 3057 2.
657 3024 684 3077 p.
728 3001 861 3076 quaedem
881 3001 946 3056 dant
960 3002 1103 3057 auditioni.
1133 3048 1136 3052 .

209 3084 306 3154 259).
339 3081 450 3139 [ortelle
477 3086 570 3140 minua
595 3107 610 3140 a
639 3088 687 3141 tali
771 3084 930 3161 clausulam.
972 3089 1030 3141 Etsi
1043 3086 1210 3161 delinean-

103 3210 107 3223 .
208 3167 360 3239 suspicione
377 3165 596 3231 abhorrebimus,
618 3192 689 3244 quae
728 3171 819 3243 justia
849 3172 996 3225 sententiae
1025 3172 1101 3246 saepe
1135 3162 1209 3243 apud

210 3264 302 3304 tamen
325 3266 357 3305 ut
377 3251 407 3306 iu
424 3252 479 3307 hoc
493 3252 557 3309 loco
571 3255 634 3311 falsa
649 3260 689 3318 lit,
730 3255 856 3309 rhetores
892 3258 1038 3330 ulurpatur
1071 3252 1212 3329 clausulae

210 3334 348 3390 fierisane
362 3337 458 3410 potest.
730 3358 849 3400 nomen,
880 3353 971 3392 tamen
994 3339 1132 3417 longiori!
1158 3336 1212 3391 cit·

253 3422 394 3477 theatralis
402 3458 410 3482 ‚
437 3422 526 3495 qualia
542 3445 556 3477 a
572 3424 691 3487 theatro,
732 3423 824 3477 cuitua
845 3439 942 3501 arguta
957 3424 1214 3479 etconcinnaaon·

210 3501 241 3557 la.
255 3523 279 3559 e.
297 3505 509 3579 spectatoribus.
531 3508 596 3564 [olet
610 3509 693 3564 eccla·
733 3506 816 3562 clusio
837 3508 953 3582 proprie
974 3507 1093 3569 dicitur.
1125 3503 1215 3581 petita

213 3589 285 3642 anari
300 3588 359 3643 vid.
382 3609 407 3651 a,
427 3606 454 3652 2,
469 3588 497 3667 9.
733 3593 843 3646 oscena
864 3591 1078 3669 fignificatioue,
1105 3588 1157 3645 ulai
1176 3586 1215 3643 ast

250 3669 375 3747 stilo-
390 3677 535 3732 auditione.
567 3676 692 3734 Ostendit
734 3673 855 3751 clausula
882 3677 1001 3748 petuitia
1021 3672 1148 3749 plausum
1170 3670 1216 3727 lai·

214 3756 363 3831 posteriue,
397 3776 455 3833 quo
476 3763 537 3816 calu
561 3761 694 3835 accipian·
733 3760 842 3815 lirionie
857 3773 885 3812 et
900 3760 982 3813 finem
1001 3758 1110 3813 fabulae
1125 3757 1217 3832 impo·

216 3841 267 3894 dua
285 3841 325 3917 fia
340 3840 430 3917 stilus.
481 3848 526 3900 De
543 3845 611 3921 stila
633 3845 692 3900 vid.
733 3846 835 3898 nentia.
878 3844 943 3898 lude
966 3844 1003 3898 est
1020 3842 1097 3917 quod
1114 3843 1214 3899 Cicero

215 3927 298 4003 Epist.
316 3926 349 3979 ad
364 3929 473 4003 Tryph.
493 3950 519 3984 a.
541 3930 586 3986 Est
599 3944 693 3984 autem
734 3929 802 3983 dicit
825 3926 976 4002 „Clausala
990 3928 1026 3982 est
1040 3924 1163 3982 difficilia
1181 3925 1215 3979 in

213 4009 280 4068 iah.
296 4009 414 4084 Lipfiua
427 4013 553 4075 dicentia.
568 4014 618 4088 qui
632 4015 694 4068 leri·
734 4014 897 4087 „provincia
921 4011 1071 4065 ta·adend.·.⁴‘
1094 4010 1128 4063 nd
1153 4009 1213 4063 Att.

212 4110 291 4171 ptam
315 4092 402 4156 domo
424 4098 505 4155 affert
528 4098 712 4179 orationem„
734 4096 763 4160 6,
778 4112 797 4166 5
813 4096 864 4153 ubi
877 4096 1039 4172 provinciae
1047 4092 1216 4150 admitaillaa·
