2750 4800
446 357 804 442 PRAEFATIO,
1010 377 1116 456 :cnr

114 535 217 646 solis.
238 547 465 628 auctoribus
490 547 646 650 aliquid
671 541 854 636 conceffi,
891 563 1029 626 contra
1046 563 1119 648 ¹ca·

119 701 298 762 letorum
321 682 483 760 testium
512 682 654 774 fidem,
704 684 849 760 erroris
879 680 992 762 caula
1017 683 1119 762 adeo
1133 765 1142 774 4,

114 815 322 894 manifesta
346 793 451 896 milti
467 819 711 908 ·videbatur,
755 833 803 893 ut
827 820 894 896 vel
918 827 1120 914 conjectu·
1150 913 1155 927 ι

113 945 181 1030 rae
214 953 575 1055 obtemperandum
601 949 702 1028 ellat.
786 953 974 1032 Alterum'
996 953 1122 1033 Codi-

114 1111 224 1176 ccm,
253 1111 274 1162 a
291 1112 357 1164 me
377 1090 510 1188 primo
532 1089 724 1166 collatum
740 1110 855 1175 eum,
883 1091 1121 1165 conciliante

113 1218 292 1311 Wolfio,
334 1225 402 1300 cui
424 1217 592 1324 quideni
613 1225 705 1300 viro
730 1238 770 1298 et
795 1247 870 1322 ego
894 1238 935 1296 et
961 1224 1123 1326 Quinti·

113 1355 247 1432 lianus
270 1381 385 1448 meus
415 1374 504 1436 non·
524 1385 654 1436 unum
680 1357 761 1434 hoc
774 1353 1027 1452 beneficium
1052 1356 1123 1434 de·
1160 1453 1162 1458 Ι

115 1488 275 1589 bemus,
302 1517 463 1574 mecum
480 1494 795 1573 communicavit
810 1497 1033 1594 hargerus,
1062 1491 1125 1568 di·
1157 1513 1188 1558 -’
1271 1575 1275 1582 .

113 1624 315 1722 gniffimus
334 1607 470 1731 magni
487 1628 670 1729 Leffingii
682 1631 729 1704 in
741 1609 986 1747 bibliotheca
1001 1629 1126 1704 Guel-

113 1757 332 1861 ferbytana·
365 1762 577 1851 lucceffor,
647 1762 743 1862 qui.
769 1763 896 1838 nullis
941 1787 1125 1863 unquam

113 1898 215 1972 meis
248 1897 638 1999 percontationibus,
692 1897 871 1972 nimium
890 1877 1125 1997 frequentiss
1290 1995 1294 2002 Ι

114 2029 191 2109 bns
203 2030 333 2111 fateor
348 2049 389 2108 et
405 2015 612 2134 improbis,
637 2028 797 2132 fatigari
810 2027 851 2106 le
867 2017 1126 2132 polla-osten·

114 2165 187 2246 dit.
256 2169 411 2246 Docuit
434 2191 501 2242 me
528 2164 646 2242 simul
674 2167 740 2240 vir
770 2163 1031 2257 doctiffimus,
1075 2169 1126 2244 li·

113 2300 239 2380 brum
259 2301 390 2392 huno,
433 2301 479 2378 in
507 2300 619 2376 Italia
647 2294 858 2400 scriptum,
895 2299 967 2378 fibi
990 2303 1125 2380 videri
1155 2385 1159 2406 ,

113 2452 357 2538 procurante
379 2435 560 2514 Nicolao¹
574 2431 738 2510 Heinlio
764 2437 912 2534 pluteis
940 2436 1126 2514 Guelfer·
1163 2459 1171 2488 ⁸

115 2571 277 2674 bytanis
305 2574 482 2662 illatum,
522 2595 618 2648 cum
649 2572 829 2670 primam
858 2572 1125 2650 bibliothecae

114 2705 291 2786 Budenii
328 2708 433 2810 regis
467 2707 662 2784 Matthiae
698 2705 869 2782 Corvini
899 2707 1126 2808 Florentiae
1188 2805 1191 2816 Ι

115 2841 211 2920 ellat
250 2841 485 2931 adornatus,
546 2867 679 2942 neque
718 2855 852 2940 tantan
890 2837 1024 2920 millai
1061 2867 1125 2934 eo,
1261 2855 1265 2862 '

117 2979 316 3080 quoniam
352 2978 532 3077 picturae
574 3001 596 3048 a
634 2977 899 3052 miniatorum
940 2980 1128 3058 manibus

117 3112 310 3194 nondum
335 3108 455 3188 essent
481 3106 689 3210 appositae.
745 3112 853 3188 Huic
882 3129 1014 3190 antem
1039 3116 1128 3216 regi

118 3247 362 3328 'l'haddaeus
391 3247 585 3348 Ugoletru
613 3244 827 3324 Parmenfis
853 3249 979 3326 libros
1010 3273 1127 3326 orna·

119 3401 339 3484 mentaque
367 3382 443 3458 alia
471 3383 695 3460 Florentiae
725 3383 980 3482 procurabat,
1030 3407 1127 3458 cum

120 3517 314 3626 scribebat
334 3519 388 3607 is,
427 3519 501 3618 qui
522 3531 672 3606 narrat,
710 3517 885 3617 Angelus
906 3517 1127 3596 Politianur

122 3633 475 3732 Miscellaneomm
498 3655 623 3756 capite
650 3672 716 3742 23.
744 3677 783 3754 p.
802 3659 868 3742 56.
904 3657 988 3729 Fac.
1012 3655 1124 3730 Grut,

122 3789 211 3864 Vol.
237 3818 272 3868 ι.
343 3794 402 3866 lta
423 3787 513 3866 satis
536 3787 582 3866 fit
607 3789 813 3892 probabile
838 3787 1031 3868 Codicem
1052 3815 1127 3866 no·
1283 3853 1290 3874 ,

125 3920 297 4000 struma
327 3923 543 4006 doctiffimo
565 3925 645 4004 hoc
672 3927 763 4003 viro
791 3919 907 4002 fuiffe
932 3933 1126 4016 curatum,

123 4087 210 4164 quo
245 4085 331 4138 non
362 4087 485 4164 parva
513 4058 589 4166 ipli
618 4061 768 4138 accedit
797 4065 1025 4152 auctoritas,
1081 4065 1126 4140 in
