2596 4710
227 352 312 403 m
561 330 902 407 ranarum.

238 522 472 599 rinerentur.
554 526 613 599 Ex
642 490 791 623 quibua
811 516 840 597 sr
865 518 939 621 qui
957 540 1024 595 me
1046 518 1241 595 latuerint

239 630 405 756 magnas¹
423 659 463 733 ei
485 656 640 735 habebo
667 659 831 759 gratias,
870 654 945 754 qui
966 652 1070 729 milri
1088 648 1264 731 eornni'

239 792 425 869 notitiam
452 793 631 869 voluerit
658 791 867 893 impertiri.
944 789 1091 889 Neque
1120 786 1241 865 dubi·-

158 970 161 975 ·
237 941 306 1016 to,
338 928 440 1026 quin
459 928 609 1027 multae
631 925 881 1027 singulorum
905 923 1090 1007 locorum
1114 923 1240 1026 expli·

239 1060 486 1139 cationes‘in
514 1064 688 1140 aliorum
716 1058 957 1161 scriptorum
991 1057 1240 1134 editionibus

242 1194 373 1271 obiter
393 1194 634 1297 propositae,
675 1184 913 1273 industriam
939 1216 1070 1269 meam
1090 1186 1241 1294 effuga

240 1330 333 1406 rint
391 1332 674 1408 Loobmarmus
688 1333 792 1410 V.·C.
810 1324 1243 1432 professorGoburgen·

240 1460 309 1553 fis,
356 1471 468 1559 cujus
489 1464 607 1567 supra
628 1473 708 1561 iam
734 1491 757 1541 a
784 1489 849 1544 me
876 1462 976 1540 facta
1002 1460 1059 1539 est
1071 1462 1243 1555 mentio,

241 1600 397 1699 aliquot
416 1600 713 1700 prolufionibus
736 1599 816 1678 luis
835 1596 1049 1677 illustravit
1063 1597 1241 1675 Fabium.

244 1736 317 1808 Eas
346 1758 468 1835 penes
496 1762 561 1814 me
596 1732 671 1812 esse
708 1760 847 1814 omnes
877 1733 980 1811 mihi
1012 1706 1243 1834 persuadeo.

242 1870 346 1944 Sunt
364 1885 499 1949 autem
518 1874 702 1972 quinque
721 1892 921 1947 annorum
947 1873 1066 1963 1776.
1087 1880 1153 1960 78.
1179 1886 1243 1954 ὅθ.

247 2024 313 2095 89.
343 2030 408 2099 90.
468 2012 599 2101 Huius
615 2009 697 2081 viri
719 2021 758 2081 et
782 2004 1029 2105 diligentiam
1051 2017 1090 2076 et
1111 2001 1246 2078 erudi·

130 2114 137 2119 ⁵
245 2141 399 2217 tionem
417 2139 541 2243 ,saepe
568 2142 739 2242 agnovi;
780 2139 861 2216 fuit
886 2140 1007 2215 etiam
1038 2136 1113 2213 ubi
1135 2160 1247 2253 prae·

245 2289 398 2373 septam
415 2278 590 2377 aliquam
611 2272 1091 2369 conjecmramdolerem.
1155 2260 1248 2349 ‘sed

246 2408 404 2485 lectoria
431 2436 514 2488 non
527 2409 680 2499 refert,
723 2406 765 2486 si·
780 2406 881 2510 quid
909 2408 997 2483 veri
1020 2404 1076 2481 est
1105 2409 1249 2484 inven-

247 2558 358 2633 tum,
400 2561 541 2623 utrum
563 2548 641 2629 hoc
667 2545 804 2646 plures
829 2543 1016 2644 deinceps
1039 2539 1112 2642 ipsi
1133 2540 1248 2619 vide·

247 2680 340 2767 rint,
372 2706 424 2756 an
442 2706 552 2757 nnuc
573 2680 694 2757 semel
712 2677 956 2759 monstrarit.
1023 2677 1249 2754 Plurimum

248 2812 441 2889 conduxit
453 2815 556 2890 mibi
572 2817 684 2892 labor
697 2820 724 2891 l.
734 2817 777 2894 C.
788 2821 833 2892 T.
842 2811 1007 2903 Ernesti,
1021 2806 1249 2888 Professoris

248 2944 478 3045 Lipsiensis,
516 2954 590 3053 qui
619 2953 825 3054 utriusque
854 2952 1012 3050 linguae
1044 2945 1250 3022 technolo·

250 3082 374 3182 giam,
410 3107 530 3182 quam
549 3105 689 3178 vocat,
725 3087 964 3164 rhetoricam
986 3080 1250 3183 singularibus

235 3216 362 3295 'libris
385 3216 614 3321 persecatus
639 3221 704 3299 est.
787 3224 921 3314 Major
942 3216 1107 3318 quidem
1129 3215 1252 3309 hujus

248 3353 469 3432 voluminis
504 3380 594 3459 pars
639 3359 749 3460 typis
789 3356 908 3435 etiam
943 3346 1114 3453 expressa
1157 3364 1253 3439 erat,

78 3512 86 3531 ·
249 3503 459 3589 antequam
487 3491 628 3569 adme
654 3491 901 3596 perferretur
927 3488 1148 3567 rhetoricae
1168 3488 1253 3560 Ro·

98 3695 101 3699 .
248 3647 386 3698 manae
425 3627 600 3716 lexicon;
657 3628 860 3729 apparebit
900 3642 1032 3700 tamen
1049 3714 1053 3723 Ι
1072 3619 1251 3721 legendis

237 3758 356 3832 notis
377 3762 488 3849 meis,
516 3777 712 3859 quantum
742 3761 902 3860 utrique
931 3759 1045 3857 operi
1073 3756 1248 3831 debeam.

249 3890 437 3993 Gedoyni
470 3896 819 3994 Francogallicam,
868 3910 907 3967 et
942 3893 1170 4022 Henkii-rll.
1203 3893 1257 3964 n·

249 4027 522 4106 Germanicam
538 4030 779 4137 anntiliani
799 4027 1024 4106 versionem
1047 4022 1253 4105 inconsul-
