2596 4710
220 332 296 407 418
462 316 519 385 tu.
545 290 646 388 iau.
673 270 988 409 obturantur

221 501 525 593 difficillimum,
550 502 606 577 ita
624 498 757 578 nescio
778 526 830 576 an
848 501 1041 577 minimae
1062 503 1231 604 legenti·

218 621 296 696 bus
315 618 503 696 saturum
525 619 743 717 voluptati:
782 618 933 717 quippe
961 618 1074 717 quod
1106 643 1230 720 prope

221 734 374 811 nudam
404 748 706 835 praeceptorum
738 730 994 808 traditionem
1009 730 1228 833 desideret.

197 854 270 935 3111
295 850 432 925 ceteris
454 850 564 923 enim
584 845 795 923 admiscere
815 850 1056 925 tentavimus
1074 850 1230 949 aliquid

221 969 384 1053 nitoriS,
411 990 495 1039 non
520 962 690 1053 iactandi
713 964 866 1062 ingenii
889 966 1010 1061 gratia
1030 965 1229 1064 (natuque

221 1082 266 1154 in
283 1082 325 1155 id
344 1081 439 1178 eligi
451 1080 613 1153 materia
630 1093 784 1177 poterat
800 1078 989 1177 uberior)
1006 1076 1075 1154 sed
1090 1094 1138 1157 ut
1152 1080 1228 1159 boc

222 1191 309 1294 ipso
334 1195 579 1269 alliceremus
600 1195 724 1293 magis
748 1198 999 1285 iuventutem
1020 1192 1073 1269 ad
1093 1198 1230 1296 cogui-

221 1312 377 1385 tionem
404 1333 697 1408 eorum„quae
724 1303 929 1382 necessaria
956 1306 1098 1386 studiis
1126 1311 1229 1386 arbi·

221 1441 393 1513 tramur,
421 1423 584 1498 stducti
609 1422 855 1518 jucunditate
876 1425 1008 1524 aliqua
1032 1425 1226 1513 lectionis.

222 1541 414 1615 libentius
438 1538 632 1613 discerent
655 1564 718 1625 ea,
740 1564 916 1637 quorum
939 1564 990 1613 ne
1014 1545 1150 1633 jejuna
1174 1557 1228 1615 at·

121 1640 126 1647 ⁸
225 1679 304 1754 que
327 1654 436 1727 arida
455 1652 617 1727 traditio
639 1667 833 1727 averteret
855 1655 1028 1745 animos,
1055 1671 1097 1730 et
1115 1680 1227 1733 auree

223 1768 451 1870 praesertim
471 1783 553 1841 tarn
575 1765 757 1843 delicatas
778 1767 952 1858 raderet,
981 1770 1228 1847 verebamur.

196 1910 303 1985 equa
317 1885 471 1960 ratione
484 1879 524 1957 se
538 1884 748 1959 Lucretius
764 1882 862 1958 dicit
874 1901 1080 1987 praecepta
1095 1886 1228 1988 philo·

265 2136 397 2189 mim’utar.
431 2133 476 2187 lta
487 2132 584 2187 Locat.
599 2133 680 2187 Ruso.
712 2134 805 2190 Ceteri
818 2131 932 2206 quidem
951 2151 1056 2195 omnes,
1070 2153 1142 2208 quot
1159 2133 1227 2195 vidi,

222 2212 291 2273 libri
313 2221 433 2276 numme,
455 2214 628 2270 adverbium.
672 2215 724 2270 Sed
740 2217 876 2272 Codicum
900 2219 935 2271 iu
954 2218 1026 2273 bisce
1044 2217 1122 2272 nulla
1139 2234 1228 2273 arieto·

223 2302 299 2354 riut.
342 2300 417 2371 Quid
434 2300 464 2351 in
484 2298 648 2353 Florentino
664 2300 876 2355 inveniret'non
891 2303 1016 2376 prodidit
1034 2305 1155 2381 Regius.
1177 2303 1227 2363 sed,

225 2402 289 2438 eum
309 2383 366 2456 ipse
381 2381 546 2437 adverbium
561 2402 614 2457 pro
630 2384 768 2455 adjectivo
784 2384 840 2464 legi
855 2387 976 2447 studeat,
998 2386 1142 2461 probabile
1156 2389 1187 2443 stt
1200 2389 1229 2441 in

226 2485 259 2521 eo
274 2485 386 2541 quoque
407 2466 459 2520 esse
481 2466 599 2520 nostrum
614 2468 785 2540 scripturam.
826 2472 959 2525 Latinum
976 2472 1027 2525 esse
1044 2476 1149 2527 otinime
1165 2473 1194 2527 b.
1209 2470 1226 2525 l.

223 2551 278 2607 vix
300 2551 399 2613 eredo;
420 2549 542 2604 desidero
566 2552 640 2605 enim
661 2551 755 2605 locum
772 2552 882 2608 ubisit:
903 2556 976 2615 „boc
992 2556 1064 2609 mibi
1080 2558 1162 2612 vaide
1175 2557 1229 2611 suit

223 2634 415 2710 „voluptati.“
455 2634 584 2707 Magnae
603 2637 741 2709 voluptati
747 2674 755 2696 .
770 2636 891 2711 suatum
913 2643 1067 2715 υοὶιφιαιί,
1097 2642 1228 2717 srequeus

224 2719 324 2782 etiarn,
345 2734 378 2774 ut
392 2717 451 2775 nic.
468 2718 503 2772 ad
514 2722 577 2774 Art.
594 2734 622 2780 2,
641 2734 690 2789 25.

260 2896 346 2976 fi-
359 2895 498 2972 discerent.
521 2905 550 2960 tt
563 2901 622 2960 b.l.
639 2902 707 2961 acci·
748 2908 851 2964 liabent
867 2910 907 2965 Ac
932 2914 984 2979 (an
1008 2910 1122 2967 volebat
1138 2910 1228 2978 Aet).

223 3002 258 3056 pe
273 3003 310 3037 art
323 2983 428 3037 Graeco
444 3006 533 3050 more,
546 2991 707 3061 eujusmodi
747 2994 861 3072 insignis
893 2994 929 3047 est
956 2995 1100 3049 diversitas
1136 2992 1227 3051 altera.

226 3068 289 3120 usus
305 3067 453 3133 Ciceroni.
469 3075 591 3135 Caesari,
609 3075 706 3136 Livio,
748 3081 802 3132 Pro
818 3078 949 3154 Aspirant
962 3080 992 3132 in
1006 3080 1135 3134 Lucretii
1150 3078 1229 3133 librie

226 3151 326 3205 Tacito
348 3157 397 3222 (et
419 3157 466 3210 cui
480 3157 582 3225 nous)
603 3159 640 3212 est
654 3160 707 3214 ste·
748 3163 786 3216 est
801 3164 980 3238 Contingunt,
1002 3164 1079 3235 quod
1095 3164 1184 3237 ipsum
1199 3162 1227 3216 iu

223 3252 321 3305 quent.
370 3238 443 3293 Vide
464 3241 538 3296 iuter
566 3240 706 3316 plurimos
748 3246 840 3300 uoslro
862 3246 924 3301 loco
945 3248 1055 3302 rtouuisr
1076 3248 1148 3302 editi
1168 3247 1227 3320 qni·

224 3318 275 3390 qni
297 3320 331 3372 de
354 3339 387 3374 eo
408 3340 526 3401 egerunt
543 3327 658 3381 Tursell.
676 3348 705 3402 p.
749 3330 811 3383 dum
829 3347 938 3403 ponunt
955 3334 984 3384 iu
1005 3332 1149 3410 margine,
1170 3333 1227 3385 imo

224 3400 266 3454 ed·
290 3404 365 3478 Lips.
393 3420 463 3477 9⁰⁷·
505 3409 647 3466 Drakenb.
672 3413 706 3465 ad
748 3415 779 3468 in
794 3430 882 3476 textu,
905 3429 947 3476 ut,
969 3433 1077 3490 praeter
1096 3435 1229 3469 memora·

222 3484 288 3539 Liv.
304 3496 339 3558 4,
358 3503 405 3548 to,
421 3501 441 3560 3
459 3507 486 3545 et
501 3496 705 3573 Heusingerum
749 3513 809 3559 toa,
841 3500 971 3574 Grypltii.
1015 3502 1152 3555 Gesnerus
1173 3519 1230 3554 mo·

221 3570 308 3640 praes.
332 3571 365 3625 ad
391 3575 449 3629 Cic.
473 3575 507 3630 de
528 3579 585 3633 ou.
609 3600 635 3653 p.
653 3591 703 3652 43.
747 3584 1229 3662 netaGisanioetLambinoaguo·
1287 3597 1288 3600 ’

222 3651 258 3705 cs.
274 3669 301 3706 et
318 3656 400 3710 nostr.
420 3673 448 3726 7,
464 3672 491 3721 2,
507 3674 536 3727 5.
553 3663 608 3723 „est
624 3684 705 3737 quae·
747 3668 785 3721 sci
802 3667 1079 3723 librosLucretiauoa
1092 3671 1143 3742 qui
1156 3687 1229 3743 prae·

222 3738 323 3796 „situm
338 3739 577 3817 -fi-elset.“
746 3752 852 3807 serant:
891 3752 1031 3826 Aspiraut.
1075 3757 1138 3807 lloc
1161 3756 1226 3811 stne·

223 3901 230 3915 ⁸
263 3823 416 3879 Lucretius.
459 3829 551 3883 Locut
567 3830 610 3886 bia
626 3848 702 3887 extat
745 3851 844 3910 utpote
853 3836 1003 3898 difficilius,
1013 3839 1123 3895 critico
1132 3838 1225 3914 magia.

220 3920 252 3955 ιιι
267 3922 350 3980 opere
365 3910 534 3966 Lucretiauo
553 3932 577 3975 1,
595 3929 656 3990 934
673 3934 701 3972 et
743 3920 865 3994 placeat3
888 3921 932 3974 sed
955 3926 1115 3996 contingunt
1136 3923 1225 3997 ipsum

218 3996 248 4057 4,
267 4010 314 4046 ιι.
357 3992 418 4052 sed,
439 4012 549 4068 praeter
563 3997 700 4056 leviorem
742 4004 826 4060 habet
847 4004 969 4079 aliquem
993 4006 1138 4061 vetustatis
1155 4006 1225 4061 colo·

218 4069 402 4127 disserentium
412 4078 465 4131 Sed
478 4079 621 4155 alteroque
636 4086 700 4142 loeo
741 4107 817 4151 rem,
852 4106 885 4144 ut
912 4091 1044 4145 videatur
1073 4106 1223 4163 utrumque

218 4156 290 4211 Nam
303 4176 355 4232 pro
368 4163 618 4237 qquuiutiliauei
632 4170 697 4227 libri
740 4174 855 4231 diversit
894 4174 1065 4230 editionibus
1109 4173 1221 4249 posuisse
