2596 4710
264 276 386 348 INST.
416 276 624 349 ORATOR.
650 275 738 385 ΗΒ.
764 278 819 363 11,
850 292 907 339 ιι·
1006 291 1083 389 319

79 491 272 569 magnum
293 465 473 566 aliquid,¹
493 463 605 567 quod
625 467 734 542 ultro
751 463 790 539 ie
805 460 963 550 offerat,
990 464 1084 565 plu·

78 583 192 663 ribus
210 581 322 684 saepe
345 581 487 660 diebus
506 596 709 683 expectant
716 606 728 672 ς
761 597 847 672 aut,
874 605 1084 657 murmure
1188 616 1194 631 ·

144 810 267 889 pluribus
278 810 364 891 saepe
382 811 473 868 dicitu
487 827 641 886 expectant.
668 814 710 866 Ita
725 811 822 868 Turio.
838 810 931 869 Gueli.
946 828 975 867 et
992 811 1083 870 Codd.

80 900 261 975 (quanquam
291 898 398 971 aliquot
433 897 546 951 [ilentur
576 916 591 948 n
618 897 846 964 conferentibus)
875 912 946 972 puto
975 917 1081 955 omnen.

80 983 153 1040 edd.·
165 982 280 1055 quidem
300 998 371 1038 vett.
397 1000 485 1056 utque
507 981 540 1035 ad
563 981 724 1054 Gryphium
744 984 860 1055 (1544)
883 1001 958 1037 meae
975 1002 1083 1046 omnea.

80 1069 133 1143 qui
153 1067 263 1142 primur
284 1065 362 1121 dedit
384 1082 564 1140 expectantes.
608 1066 679 1122 Obr.
700 1067 846 1120 revocavit
865 1067 1005 1139 antiquam
1023 1070 1084 1124 ieri·

78 1168 201 1229 pturam.
244 1152 301 1223 Qui
321 1149 513 1226 praetulerunt
531 1151 725 1224 participium,
745 1169 803 1204 non
818 1152 1016 1214 meminerant,
1038 1153 1085 1233 agi

80 1238 116 1291 de
133 1254 182 1296 eo,
203 1235 280 1307 quod
302 1237 423 1290 iacerent
445 1233 640 1288 declamatores
662 1239 689 1288 in
701 1235 862 1309 cogitando,
882 1254 938 1289 nou
954 1240 981 1291 in
995 1238 1103 1292 docta*

79 1321 197 1378 mando,
220 1338 314 1374 errore
328 1337 393 1374 nato
408 1339 442 1374 ex
458 1338 488 1374 re
500 1317 637 1377 levicula,
657 1319 733 1392 quod
747 1337 804 1374 non
819 1335 878 1374 erat
890 1318 1006 1375 incisum
1023 1320 1084 1396 post

79 1404 271 1479 ,‚cugituudo.‘¹
294 1420 325 1457 ut
348 1409 394 1466 „in
416 1404 562 1478 cogitando
581 1405 657 1457 nulla
671 1405 792 1458 reticete·
804 1404 969 1483 jungerent,
991 1408 1084 1479 qualit

79 1490 158 1545 nulia
176 1489 316 1563 cogitandi
336 1494 447 1543 ratione.
504 1486 607 1542 Eadem
631 1486 689 1541 fuit
711 1486 803 1547 cruia.
830 1506 916 1559 qnare
937 1504 1084 1564 tantopere

80 1570 236 1648 displiceret
258 1573 398 1645 ..pluribus
415 1570 500 1647 saepe
515 1572 636 1632 dictust·
656 1571 749 1645 quod,
773 1587 806 1626 ut
818 1564 1010 1648 ὖπιρβολικίν,
1031 1576 1084 1648 ej'e·

80 1674 158 1713 ctum
181 1654 277 1713 voluit
299 1656 441 1718 Galliena,
464 1655 511 1710 vir
533 1670 613 1710 notua
634 1670 763 1711 veterum
787 1656 904 1712 ienhbua
927 1659 1084 1715 eximendi·

80 1742 131 1813 (cf.
144 1757 205 1796 not.
225 1742 296 1798 Crit.
310 1742 343 1795 ad
364 1763 388 1801 ι,
407 1756 434 1809 5,
450 1741 505 1815 60)
519 1759 609 1812 neque
624 1741 713 1814 (quod
731 1738 838 1816 nolim)
851 1740 987 1798 Gesnerue
1003 1743 1084 1800 uncia

78 1826 213 1904 pepercit.
263 1825 314 1880 Sed
336 1825 413 1880 nulla
435 1826 472 1879 cii
492 1816 627 1902 ὗσερβολῆ
649 1829 669 1879 ir
692 1826 861 1903 cogitanta,
889 1826 958 1899 quid
979 1828 1084 1887 dicturi
1142 1842 1145 1847 '

77 1914 150 1972 lint,
171 1909 321 1985 accipimus
335 1909 530 1965 declamatores
546 1911 577 1963 in
592 1911 640 1963 [uo
654 1908 802 1970 cubiculo,
824 1927 882 1965 non
896 1913 926 1964 in
941 1912 1083 1968 auditorio

77 1996 137 2072 jam
157 1996 298 2076 [urgenter
321 1994 355 2049 cd
371 1993 537 2056 dicendum3
559 2010 648 2065 neque
664 1995 737 2047 enim
752 1993 855 2048 necesse
870 1994 907 2049 est
923 1996 1085 2051 continuam

79 2098 140 2135 eam
162 2095 278 2141 „tectam
299 2084 475 2134 ὑπεναντίων(
499 2078 717 2153 expectationem
739 2077 910 2157 intelligere,
931 2079 975 2135 sed
998 2100 1085 2154 quam

77 2165 220 2239 „pluribus
237 2162 321 2239 saepe
344 2164 454 2219 dicitu·
474 2163 638 2238 repetierint
667 2162 784 2218 rucceffu
809 2181 952 2236 nunquam
975 2165 1086 2240 respon·

77 2249 171 2303 dente.
215 2248 342 2304 Ostendit
362 2245 447 2303 nobie
467 2250 521 2322 Qu.
537 2246 696 2320 eloquenter
710 2247 788 2302 hoice
805 2248 898 2307 viros.
921 2248 995 2304 inter
1008 2250 1086 2329 cogi·

78 2332 214 2394 tandum.
236 2349 311 2386 nunc
331 2331 405 2385 nibil
419 2332 498 2406 plane
514 2347 625 2410 agentes
639 2347 665 2385 et
680 2330 801 2386 afflatum
817 2331 936 2406 niiqncm
952 2334 1085 2389 divinum

77 2417 272 2493 opperientes,
293 2436 368 2470 nnnc
392 2433 552 2475 murmure,
574 2430 702 2491 tanquam
728 2416 814 2471 caude
838 2413 963 2479 leonem,
984 2417 1084 2474 itidem

76 2503 153 2557 inter
167 2501 364 2580 cogitandum,
385 2502 469 2554 semet
484 2501 650 2562 excitantes,
673 2515 700 2555 et
720 2521 753 2555 eo
771 2502 800 2554 in
820 2501 919 2575 primic
937 2503 1084 2566 ridiculos.

76 2586 156 2660 quod
179 2584 245 2648 toli,
273 2603 363 2658 neque
384 2584 451 2638 dum
478 2586 617 2647 inventis,
645 2603 714 2658 quae
736 2585 843 2648 dicunt,
865 2584 1084 2648 debacchantur.

77 2685 211 2743 tanqurm
225 2670 256 2724 in
269 2668 402 2747 suggestu.
444 2669 488 2724 Sic
501 2664 742 2743 quoq'ue'‚‚tectam
755 2674 904 2724 intuentet“
925 2669 1034 2725 facilius
1049 2671 1082 2724 fit

77 2753 237 2828 explicata.
258 2755 278 2809 fi
300 2754 419 2807 [edentes
436 2753 521 2812 solos.
538 2771 596 2808 non
611 2772 702 2808 coram
717 2753 892 2809 traditoribus
907 2754 1020 2817 stanter,
1041 2755 1084 2809 in·

77 2836 248 2917 teiligimut„
285 2834 360 2892 Haec
370 2837 469 2890 'omnia
485 2849 557 2890 recte
571 2836 646 2891 vidit
661 2853 688 2891 et
705 2836 828 2892 reddidit
842 2839 1010 2912 Gedoynue‚
1030 2839 1082 2896 uifi

77 2923 156 2999 quod
176 2920 375 2985 „enunciandia
389 2948 429 2963 ·—
448 2919 560 2976 verbit⁴‘
581 2920 653 2976 male
674 2921 764 2977 vertit
788 2939 880 2997 „pour
901 2941 1014 3003 arrnget
1030 2923 1078 2978 der

73 3132 136 3175 tem
158 3118 284 3175 animum
303 3115 489 3182 intendentia.
511 3136 557 3199 ge·
597 3138 725 3194 quoque,
747 3117 822 3193 quod
839 3116 947 3195 sursum
961 3123 1077 3195 spectat,

74 3203 162 3266 dum.
180 3205 269 3278 qualit
291 3205 357 3260 [olet
380 3206 431 3259 effe
448 3223 556 3279 eorum.
597 3206 685 3283 magis
701 3223 765 3258 eum
781 3203 885 3259 avertit
899 3205 932 3260 ab
948 3207 991 3266 iir,
1005 3225 1077 3279 quaa

73 3288 142 3361 qni,
172 3306 236 3343 cum
259 3290 359 3343 acriter
382 3288 488 3362 aliquid
512 3289 556 3343 vi·
597 3290 670 3343 itumi
698 3305 879 3367 peraguntur.
936 3291 981 3344 Sic
1017 3309 1078 3345 cor·

71 3369 181 3425 dentur-
213 3373 335 3434 intueri,
366 3392 401 3426 ne
431 3374 555 3451 cogitant
595 3371 717 3427 rectione
740 3392 797 3427 nou
819 3374 855 3428 eii
877 3392 962 3447 opur,
990 3392 1074 3447 quam

71 3455 188 3529 quidem
204 3455 239 3511 de
255 3476 297 3519 eo,
313 3456 388 3530 quod
403 3457 556 3512 cummaxi-
577 3470 684 3510 ·tentat
700 3459 893 3518 Burmannus,
912 3475 1026 3520 rectam,
1048 3473 1077 3514 et

71 3556 119 3594 ne
132 3540 260 3615 ipectant.
303 3541 410 3596 Eodem
425 3541 556 3600 reditJu-
594 3541 716 3621 agnoicit
744 3542 820 3601 Voff.
851 3556 879 3595 a.
908 3560 1076 3615 quanquam.

70 3622 180 3680 venalis
202 3623 275 3679 illud
296 3625 414 3686 „doctor
436 3627 554 3701 spectare
594 3642 658 3680 cum
675 3627 705 3678 in
719 3625 858 3685 Gothnno.
875 3623 994 3703 gemello
1009 3628 1076 3690 iere.

68 3704 220 3769 „lacauw
244 3715 288 3779 (r,
315 3710 384 3783 56).
435 3710 555 3764 Simulat
594 3709 648 3764 hoc
663 3729 720 3763 non
734 3727 899 3785 computem.
924 3711 1077 3784 potestess'o

68 3791 148 3847 enirn
168 3794 309 3864 jucundus
326 3794 373 3848 iste
392 3794 509 3849 matitua
526 3807 554 3849 et
594 3811 673 3849 error
701 3794 818 3873 legentia
844 3793 953 3857 „stilum
978 3795 1075 3850 cunfo

70 3876 158 3932 uxori
185 3879 365 3940 commodus,
393 3881 434 3939 ie,
461 3878 554 3935 nescio
594 3881 741 3940 „siorem.·⁸
761 3879 810 3950 (cf.
833 3899 857 3939 r,
876 3898 900 3940 r.
920 3883 983 3949 28).
1011 3878 1072 3937 vid.

67 3962 139 4034 quid
161 3979 302 4041 nugarum
334 3963 484 4040 agitantem
511 3976 554 4017 to·
594 3980 654 4018 not.
671 3964 742 4021 crit.
759 3964 794 4017 ad
815 3962 955 4038 „plur-ibat
971 3985 1074 4021 -m-

67 4058 188 4121 tumque
217 4048 248 4100 in
277 4046 348 4107 illia,
377 4065 448 4121 quae
470 4048 552 4109 fiunt.
592 4061 751 4124 „pectant”

65 4146 126 4185 non
149 4128 310 4194 attenderet
341 4148 499 4207 quanqum
520 4130 552 4186 id
633 4128 1072 4208 pier.-ditdut.ai.rr.3.160.
