2596 4710
182 326 230 396 92
417 302 474 372 Μ.
498 239 599 372 rna.
627 299 941 396 cummuni

181 491 297 564 aliam
309 514 383 588 pro
399 489 490 576 alia,
516 505 583 564 aut
599 488 765 564 eandem
778 489 810 562 al
817 490 869 576 io,
892 494 1012 587 quam
1027 507 1182 568 rectum

135 638 170 674 ιι
182 604 255 693 est,
284 606 373 681 loco
388 619 520 702 ponat.
579 604 655 678 Sed
671 603 835 703 quidam
847 602 930 678 fere
946 607 989 678 in
1007 609 1214 698 jactatio-5⁴

178 746 272 797 nem
295 717 533 797 eruditionis
555 717 708 794 sumere
732 721 800 794 illa
823 745 870 793 ex
888 722 1014 820 poetis
1036 720 1181 813 solent,

179 852 218 910 et
252 825 448 923 auctum,
483 861 584 932 quos
620 837 870 934 praelegunt,
907 837 1179 913 criminantur.

179 953 285 1026 Scire
306 967 437 1025 autem
453 949 569 1023 debet
589 976 708 1049 puer,
738 951 833 1024 haec
849 951 956 1049 apud
970 949 1179 1051 scriptores

178 1069 401 1143 carminum
422 1082 489 1141 aut
513 1068 630 1141 venia
653 1066 791 1163 digna,
828 1068 1036 1140 autetiam
1058 1066 1179 1142 laude

177 1180 292 1256 duci:
326 1183 542 1281 potiusque
581 1183 650 1255 illa
685 1179 857 1257 docendi
891 1198 1012 1267 'erunt
1041 1183 1179 1259 minus

97 1378 101 1387 ¹
133 1297 348 1395 avulgata.
402 1299 510 1370 Nam
531 1294 634 1371 duos
654 1298 697 1369 in
719 1323 804 1371 uno
827 1299 991 1371 nomine
1012 1293 1180 1372 faciebat

178 1409 434 1486 barbarismos
457 1412 580 1485 Tinea
606 1410 854 1486 Placentinus
885 1410 938 1506 (st
963 1404 1179 1510 reprehen-

177 1523 288 1600 denti
305 1522 515 1601 Hortenfio
531 1525 762 1623 credimus)¹
775 1528 972 1622 preculam
988 1553 1063 1626 pro
1085 1552 1178 1625 per·

176 1640 278 1746 gula
297 1640 453 1728 dicein,
492 1655 532 1713 et
561 1643 857 1730 inminutione,
889 1668 982 1716 cum
1005 1667 1119 1742 cpro
1142 1669 1177 1747 g

176 1771 374 1843 uteretur3
411 1771 449 1827 et
479 1752 821 1843 transmutatione,
853 1784 945 1831 cum
968 1756 1176 1856 rpraopo·

84 1898 94 1913 ¹
175 1868 604 1944 nereteantecedenti.
660 1875 710 1944 At
732 1874 775 1944 in
794 1872 930 1945 eadem
946 1873 1036 1944 vitii
1052 1873 1207 1971 gemb,

176 1987 336 2062 natione
351 1988 498 2062 Metieo
518 1982 702 2090 Fzrsett‘eo
727 1985 861 2062 dicens
883 1990 1056 2074 Ennius,
1079 1993 1177 2088 poli·

163 2164 168 2169 “
235 2162 358 2234 pergule.
399 2160 564 2216 Ablativum
581 2181 615 2214 ex
632 2160 692 2215 edd.
709 2165 871 2216 attestoer.
893 2160 1117 2236 (praeterBad.)
1133 2177 1176 2214 ra-

173 2247 251 2321 cepi.
272 2264 325 2317 pro
341 2249 424 2299 aecus.
441 2246 492 2318 qui
509 2247 545 2300 est
563 2240 594 2298 iu'
607 2260 721 2300 recontt.
739 2261 766 2298 ot
781 2247 860 2318 ipsit,
883 2262 915 2299 ut
930 2245 1060 2306 videtur,
1084 2243 1175 2301 Codd.

234 2329 366 2400 Fufetiae.
395 2329 605 2403 Goellfufetr'o
617 2351 658 2383 ee.
700 2331 792 2385 Ceteri
808 2330 840 2383 ad
855 2348 944 2385 unum
960 2347 1056 2385 omues
1070 2345 1174 2383 nomen

71 2458 74 2465 .
173 2411 295 2469 scribunt
318 2432 368 2487 per
386 2417 408 2469 S
426 2413 550 2474 literam,
579 2429 610 2466 ut
631 2429 659 2467 et
679 2412 741 2466 edd.
763 2414 853 2468 adhuc
873 2433 978 2467 omnes.
1021 2416 1174 2469 Auctorem

173 2511 263 2551 tamen
286 2513 380 2552 nactus
402 2518 491 2551 unum
507 2497 658 2558 Coelicem,
677 2516 767 2569 neque
784 2498 965 2570 spernendum
984 2517 1066 2556 enm,
1088 2493 1175 2550 malui

124 2608 127 2614 ·
172 2582 295 2654 recipere
308 2583 431 2636 nominis
443 2582 671 2658 orthographiam
687 2580 770 2635 bouis
787 2582 940 2635 rationibus
953 2581 1117 2656 probatam,
1137 2597 1174 2634 cx

172 2666 311 2739 Dionysio
325 2668 496 2741 potissimum
506 2666 727 2722 Halicarnasseus
741 2681 768 2721 tt
782 2665 942 2722 Plutarcho.
961 2663 1172 2723 vitlDulenb.

97 2742 103 2756 ”
171 2749 505 2824 atlLivium1‚23,4.

219 2886 302 2939 Tim-a
317 2886 493 2939 Placentinus.
514 2885 583 2957 Ejur
597 2903 652 2936 me·
694 2883 730 2943 0,
742 2880 830 2955 qualis
840 2882 875 2935 est
890 2880 1024 2939 Obrechti
1036 2897 1064 2937 et
1079 2882 1171 2942 unius.

173 2969 256 3024 minit
274 2970 371 3024 Cicero
384 2971 463 3021 Brut.
480 2987 502 3019 c.
517 2966 567 3038 46.
692 2967 723 3021 iu
744 2967 892 3041 polleriore
912 2984 1002 3020 tamen
1021 2967 1107 3023 solum
1122 2984 1172 3020 no-

215 3054 340 3106 inearlem
354 3083 395 3093 -··
409 3050 538 3125 Fufetieo.
560 3050 652 3106 Gemi·
693 3053 784 3111 mine,
807 3051 919 3106 Codicis
936 3052 1078 3124 scriptura.
1090 3066 1117 3104 et
1131 3051 1173 3103 ita

172 3137 249 3191 natio
263 3139 308 3189 ista
322 3137 388 3189 vitii
401 3154 457 3189 uon
469 3135 582 3209 quidem
596 3135 652 3208 pla·
693 3136 835 3190 ordinavit
850 3134 960 3190 Merula
973 3136 1002 3187 in
1019 3135 1072 3190 suit
1086 3132 1187 3189 Ennii'

170 3240 207 3274 ne
221 3222 313 3275 eudem
329 3222 373 3283 esi,
388 3218 477 3293 qualis
491 3221 520 3273 iu
534 3221 651 3293 pret-ule.
693 3220 870 3297 s1·agme11tis;
921 3235 1016 3275 eontra
1049 3219 1172 3273 frontem

171 3304 265 3359 sediti
286 3307 391 3395 iusum,
413 3306 489 3378 quod
508 3320 534 3356 et
556 3306 586 3355 in
608 3305 650 3355 his
694 3303 847 3356 hexametri
866 3302 966 3357 debent
988 3303 1131 3365 obtinere,
1152 3304 1173 3356 st

170 3391 333 3442 nominibus
362 3389 431 3443 dnae
465 3408 509 3442 res
544 3404 651 3462 praeter
693 3388 786 3442 brevis
824 3402 938 3459 putatur
973 3388 1053 3442 litera
1087 3388 1113 3443 E
1141 3388 1174 3440 in

171 3492 278 3527 morem
316 3475 402 3533 liunt.
431 3474 502 3527 idem
537 3473 649 3526 dicitur.
692 3470 863 3547 penultima,
898 3487 925 3525 et
950 3488 1009 3525 tum
1030 3472 1122 3546 prima
1142 3470 1174 3525 in

170 3557 298 3612 Alterum
313 3560 387 3611 enim
403 3559 507 3610 vitium
522 3554 651 3628 estquod
694 3558 817 3615 Metieo,
841 3556 955 3612 secunda
970 3571 1063 3609 autem
1078 3557 1108 3609 in
1123 3557 1173 3609 fu-

170 3660 223 3715 pro
233 3643 318 3695 Mutii
331 3643 459 3695 scribitur
475 3643 572 3698 J'l‘setie,
586 3639 652 3693 alte·
687 3639 785 3714 fetico,
807 3638 888 3692 debet
901 3641 1036 3712 produci:
1058 3639 1126 3693 haec
1139 3638 1175 3692 est

170 3742 234 3778 rum
256 3725 332 3796 quod
354 3720 483 3796 arljicitur'
504 3723 607 3777 vocalis
624 3743 649 3776 o.
695 3723 847 3779 Columnae
876 3726 963 3784 ratio,
995 3723 1175 3778 verisimilior

171 3812 235 3882 Quo
250 3823 342 3862 autem
356 3810 451 3864 versus
472 3808 535 3863 loco
557 3808 653 3880 posue·
694 3826 740 3865 ea,
771 3806 836 3878 quia
862 3806 1003 3860 inserenda
1030 3806 1123 3862 vocali
1144 3809 1174 3867 1.

170 3895 209 3946 rit
236 3892 303 3947 lucc
331 3895 444 3949 nomina
469 3893 591 3950 Ennius,
621 3890 651 3943 id
694 3891 829 3958 Metiejo,
865 3891 1014 3965 l'useu'ejo,
1058 3892 1173 3946 tertium

171 3977 286 4051 quidem
313 3981 483 4056 ignoramus.
527 3982 597 4031 Sunt
622 3994 652 4028 ea
694 3973 807 4046 aliquod
822 3975 1174 4030 vitiumvidereturcom·

169 4062 200 4115 in
216 4077 338 4116 extrema
352 4075 430 4135 parte
444 4060 611 4119 collocanda,
632 4061 653 4113 li
693 4060 813 4113 millum.
836 4061 928 4115 Etiam
944 4060 1103 4135 exemplum
1112 4059 1174 4119 Vir·

170 4146 336 4221 interposuit
354 4145 463 4201 literam
484 4150 498 4199 1
516 4148 571 4201 τοῖς
585 4147 610 4199 B
624 4157 652 4197 et
694 4141 757 4222 gilii
777 4142 894 4199 dimittit
908 4145 1071 4222 Arulrogeo.
1090 4145 1173 4216 (Aen.
