2596 4710
468 287 815 377 rnaartrto.
1040 321 1150 371 xxrrr

123 474 303 579 quidem
325 472 525 553 existimet
539 494 671 568 notas,
699 505 802 580 quac
811 485 940 561 textui
955 479 1029 585 ipa
1044 511 1140 588 pro-

124 614 238 689 tinna
259 608 548 707 subjiciuntur.
605 618 728 697 Erant
750 631 882 697 autem
895 618 1039 712 ‚nihilo
1062 621 1139 695 mi·

126 772 205 823 nus
218 742 456 825 scribendae
472 772 560 838 eac,
592 765 640 827 ut
654 751 798 835 harum
818 776 982 852 quoque
1001 779 1138 830 rerum

128 880 291 973 curios,
314 906 422 981 quos
438 884 636 963 lectorum
650 883 768 986 supra
788 883 1045 973 definitorum
1060 915 1138 966 nn·

132 1040 247 1097 mero
271 1042 524 1119 nequaquam
544 1021 691 1109 eximo,
716 1020 908 1097 haberent
928 1021 1037 1097 unde
1054 1037 1139 1097 tex·
1208 1124 1211 1131 .

137 1166 202 1229 tus
216 1150 549 1242 constitutionem,
576 1180 699 1255 quam
713 1154 900 1265 praetuli,
930 1178 1023 1231 cum
1039 1156 1137 1233 alio·

135 1312 247 1379 rum,
280 1286 446 1369 Gesneri
470 1291 699 1390 inprimis,
733 1290 887 1365 ratione
909 1283 1137 1385 conferrent

132 1437 171 1496 et
193 1420 442 1515 judicarent3
483 1422 765 1523 cognoscerent
788 1425 908 1509 etiarn
930 1420 1055 1500 ficubi
1079 1421 1136 1496 la·

131 1571 215 1635 tens
240 1556 411 1656 aliquod
437 1559 590 1639 vulnus
614 1576 653 1645 et
674 1560 778 1637 male
805 1572 1037 1636 concretum
1061 1553 1135 1632 fal·

134 1686 577 1793 samsanitatisspeciam
590 1694 822 1773 ostenderet.
877 1697 983 1773 Haec
999 1692 1135 1781 omnia
1196 1678 1201 1687 ¹

136 1848 182 1903 eo
197 1816 325 1926 magis
338 1828 445 1905 mihi
457 1826 626 1913 fuerunt
640 1825 887 1932 praestanda,
916 1850 1000 1926 quo
1016 1827 1134 1928 plura
1178 1818 1181 1823 ’

138 1960 301 2041 criticae
323 1966 387 2045 rei
412 1962 622 2065 praesidia,
666 1992 740 2049 nec
767 1967 872 2040 levia
894 1964 983 2054 illa,
1027 1961 1133 2038 maht

140 2102 379 2200 contigerant
419 2102 667 2201 optimorum
703 2102 890 2181 virorum
925 2093 1133 2187 beneficio»

146 2232 190 2311 de
210 2234 352 2339 quibua
374 2230 482 2317 infra
500 2233 666 2321 dicetur.
733 2230 738 2239 ’

219 2509 462 2617 Quintiliani
482 2511 588 2587 vitae
606 2508 866 2611 exponendae
882 2507 1012 2584 otium
1028 2500 1133 2576 mihi

145 2638 312 2723 inerunt
329 2642 546 2735 Gesnerua
582 2648 627 2721 in
652 2641 916 2745 praefatione,
951 2654 990 2712 et
1009 2642 1133 2717 Erne-

147 2772 217 2855 llus
240 2780 284 2854 in
309 2780 552 2857 bibliotheca
574 2781 822 2867 Fabriciani,
874 2794 1058 2875 quosque
1086 2768 1133 2843 hi

152 2911 336 2989 recensent
354 2917 458 2991 varii
479 2929 670 2994 auctores.
751 2916 899 3013 Aliqua
922 2926 1055 2987 tamen
1082 2903 1133 2981 ad

151 3042 270 3143 ipsum
300 3045 529 3155 scriptorem
563 3066 605 3125 et
638 3052 762 3150 magis
798 3049 918 3124 etiam
954 3043 1004 3120 ad
1041 3042 1133 3128 hoc,

153 3181 247 3275 qaod
263 3200 489 3277 tractamus,
518 3206 622 3285 opus
642 3180 852 3285 spectantia
874 3179 1037 3263 restant,
1065 3174 1133 3251 hie

156 3336 244 3391 ame
268 3343 431 3419 quoqne
450 3318 662 3425 monenda.
733 3319 872 3395 Statim
897 3317 943 3388 in
966 3311 1131 3387 nomine

160 3448 277 3529 videor
295 3452 545 3531 excusatione
565 3452 760 3553 indigere,
787 3451 860 3549 qui
875 3444 992 3527 usum
1008 3444 1134 3546 pluri·

166 3602 295 3664 norum
314 3584 410 3695 post
436 3605 588 3667 renatas
609 3590 743 3673 literae
775 3583 1003 3685 capitalium
1023 3580 1133 3655 viro-

171 3696 509 3816 nndeseruerim,
537 3723 856 3831 Quinctilianurn
875 3742 961 3794 non
974 3713 1135 3821 Quinti*

168 3844 287 3933 lituum
314 3855 584 3937 scribentium.
658 3861 706 3936 ln
727 3853 833 3958 ipsos
856 3854 988 3953 operis
1012 3850 1134 3943 hujus

166 3984 278 4069 titulos
302 3992 445 4073 induci
465 3994 562 4073 haec
587 3994 691 4073 ratio
713 3992 866 4094 coepit,
906 3984 979 4064 nisi
1005 3983 1134 4067 fallor,
