2596 4710
262 400 339 476 574
501 378 558 455 nt
584 378 687 449 tm.
714 374 1034 470 Qum'rnmm

217 571 538 655 2tcircumventi.
623 567 752 663 Igitur
780 565 824 637 in
855 562 921 639 his
950 586 1124 663 quoque
1154 560 1275 638 caulis

265 708 335 771 aut
361 689 411 763 de
430 681 524 797 sola
555 680 721 757 utilitate
751 680 992 775 ambigetur,
1053 694 1127 752 aut
1158 703 1276 778 quac·

264 806 341 883 flio
365 807 468 894 inter
490 798 591 874 utt'le.
605 812 723 895 atque
747 788 944 899 honestum
971 790 1170 868 consistet.
1228 798 1275 869 At

265 923 398 1006 enim,
425 915 560 1013 liquis
573 914 720 987 liberos
743 935 950 1011 procreare
963 910 1098 998 volet,
1128 904 1273 983 neceffe

266 1034 408 1113 habeat
434 1054 602 1106 uxorem
629 1025 786 1101 ducere.
857 1026 957 1130 Quis
980 1023 1168 1100 dubitatt
1206 1021 1271 1098 led

267 1150 328 1235 ei,
360 1149 434 1246 qui
453 1163 565 1245 pater
589 1144 680 1218 vult
706 1138 815 1229 fieri,
857 1143 1008 1238 liqueat
1031 1136 1185 1215 neceffe
1206 1136 1269 1227 est,

218 1292 260 1349 26
268 1286 435 1338 uxorem
449 1257 523 1335 elle
540 1256 773 1333 ducendam.
830 1259 970 1353 ltaque
984 1256 1092 1329 mihi
1114 1280 1167 1331 nc
1179 1282 1267 1330 con·

266 1375 399 1453 lilium
425 1374 599 1473 quidem
631 1372 814 1460 videtur,
859 1372 932 1446 ubi
964 1370 1164 1449 necessitas
1198 1368 1264 1444 est:

266 1518 352 1569 non
369 1494 493 1590 magis
510 1515 629 1589 quain
647 1489 716 1563 ubi
732 1484 890 1575 constat,
918 1484 1022 1585 quid
1038 1483 1130 1561 lieri
1146 1486 1261 1564 omni·

267 1632 324 1683 no
349 1632 433 1681 non
455 1602 573 1705 polle.
651 1603 791 1678 Omnis
821 1604 931 1676 enim
965 1600 1202 1679 deliberatio
1221 1600 1259 1675 de

269 1720 405 1797 dubiis
423 1721 489 1794 est.
547 1719 696 1795 Melius
722 1719 866 1815 igitur,
905 1718 979 1816 qui
1005 1719 1160 1791 tertiam
1187 1740 1259 1815 prt-

268 1850 352 1911 tem
379 1836 569 1911 dixerunt
599 1831 752 1924 δυνατόν,
800 1823 926 1930 quod'
940 1828 1065 1907 nostri
1095 1818 1261 1939 poffihile

269 1952 501 2031 nominant:
540 1974 662 2051 quae,
695 1967 744 2026 ut
772 1947 871 2025 dura
895 1945 1082 2023 videatur
1105 1948 1259 2049 appella·

270 2220 343 2281 Jenl.
359 2216 490 2293 exempla
503 2216 668 2295 corrigendo
684 2216 811 2271 ellectum
826 2214 895 2277 hoc,
918 2215 962 2271 led
978 2230 1007 2270 et
1024 2230 1091 2272 ente
1108 2221 1181 2273 irrite
1192 2234 1223 2271 ex
1237 2214 1260 2268 r'e

268 2320 337 2360 nte.
378 2307 406 2356 le
420 2320 499 2356 error
513 2304 550 2356 el't
563 2305 593 2356 in
608 2302 702 2357 Turio.
719 2318 840 2373 quoqne.
861 2301 911 2354 sict
941 2305 969 2355 r‘n
990 2308 1005 2371 (
1014 2302 1222 2376 superimpofito
1233 2300 1261 2371 r)

268 2390 330 2445 rite.
543 2406 598 2438 nec.
622 2386 727 2439 lrabeat.
769 2385 864 2439 Turio.
888 2399 916 2438 et
937 2384 1035 2439 Gneli.
1056 2408 1084 2441 n.
1108 2388 1260 2443 habetem

268 2468 344 2525 voli.
365 2489 387 2520 ι.
406 2482 433 2533 3.
475 2470 510 2520 ln
531 2470 598 2526 lrnl.
614 2487 673 2521 mea
693 2468 886 2543 lubterpunxit
905 2467 1009 2543 eliquit
1022 2492 1041 2523 a
1054 2472 1085 2525 in
1102 2471 1132 2525 h.
1145 2491 1175 2528 v.
1210 2470 1261 2527 Mt·

267 2552 321 2611 lim
337 2553 396 2607 iere
407 2551 603 2613 indicativum.
626 2550 716 2629 potest
731 2567 822 2608 temen
837 2552 998 2629 potentielis
1014 2553 1151 2635 intelligi.

268 2786 354 2857 „tejm
367 2782 472 2837 mutuis
481 2782 583 2837 ictibus
599 2782 629 2837 in
646 2784 670 2839 ie
684 2802 748 2838 con·
789 2802 827 2863 go
849 2802 899 2839 nec
920 2782 1091 2841 deliberabit
1114 2786 1150 2841 de
1166 2784 1210 2841 iiii
1228 2802 1261 2836 rt·

268 2870 440 2930 .,cncnrrit.“
461 2868 529 2921 item
547 2888 590 2943 ap.
605 2870 746 2940 inmmq,
788 2872 834 2924 De
857 2868 1010 2945 adoptione
1038 2887 1152 2932 eutem,
1194 2872 1263 2939 cujus

264 2952 326 3026 462
352 2984 392 2996 -
416 2962 495 3020 582,
537 2953 672 3030 frigidum
701 2954 746 3007 hic
788 2954 959 3008 mentionem
988 2955 1085 3027 injicit
1117 2958 1263 3030 cappam

265 3056 380 3111 qnoque
400 3035 557 3099 rhetorem,
587 3038 635 3109 qui
659 3036 745 3090 nimia
787 3038 896 3097 nerine,
920 3040 1056 3112 cuiusque
1079 3059 1136 3115 ope
1159 3039 1264 3093 videtur

264 3124 392 3197 promilit
405 3142 434 3175 v.
450 3132 520 3192 574.
538 3135 587 3188 75.
608 3152 670 3181 .,-
683 3119 745 3174 nul·
786 3120 834 3175 illa
867 3121 1004 3176 neceffim
1036 3124 1162 3198 potuill'e
1190 3122 1263 3180 exiri,

266 3205 340 3269 ..lam
371 3207 475 3275 majore
504 3204 596 3259 locuta
619 3204 656 3258 eft
685 3210 744 3261 Ore
785 3205 903 3261 hicnon
919 3209 1123 3284 cogitavith.
1138 3208 1265 3283 qnoniam

265 3307 381 3353 „ratem
395 3303 488 3343 toturn
503 3287 656 3343 discurrens
672 3290 744 3344 inme
786 3290 874 3352 dixit,
893 3306 972 3364 pater
993 3294 1055 3347 vult
1071 3296 1143 3366 fieri
1162 3312 1216 3369 pro
1236 3307 1265 3345 eo

265 3374 481 3448 ..per01·hem.“
521 3373 643 3426 Eandem
665 3372 745 3427 histo-
786 3375 844 3448 ipio
866 3374 942 3447 quod
966 3377 1054 3431 modo
1078 3392 1155 3437 eret,
1177 3378 1265 3433 liberos

264 3461 335 3515 tiam
349 3457 465 3533 pulchre
479 3457 608 3531 exposuit
617 3456 742 3511 Freineh.
785 3478 924 3531 procreare
952 3462 1034 3514 volet.
1091 3468 1133 3517 At
1163 3462 1265 3539 poliunt

266 3542 361 3616 Suppl.
378 3542 427 3595 lib.
435 3542 500 3596 Liv.
513 3553 743 3609 ”0052-55·
786 3556 864 3597 extra
886 3544 1061 3599 connubium
1078 3564 1196 3621 quoqne
1211 3562 1265 3620 pro·

306 3632 393 3699 igitur
417 3629 444 3680 in
467 3626 515 3681 his.
550 3625 585 3679 cl.
608 3625 642 3679 ad
661 3647 692 3688 t,
715 3640 744 3693 5,
786 3628 872 3681 creari
887 3626 986 3689 liberi:
1009 3648 1114 3705 nempe
1130 3630 1263 3695 legitimos

267 3722 315 3783 39.
336 3710 404 3767 adde
421 3710 478 3765 cte.
494 3712 528 3763 de
543 3712 630 3786 Legg.
650 3732 675 3771 1,
699 3710 729 3764 6.
784 3708 932 3770 intellexit,
944 3696 1264 3786 ncqnecavillationum.

307 3796 405 3871 neceffe
421 3794 525 3848 lubeat
558 3798 592 3847 cl'.
607 3809 658 3848 not
671 3794 741 3851 Crit.
784 3814 854 3867 qnae
867 3795 975 3870 pollent
989 3798 1062 3859 lieri,
1077 3798 1264 3857 rationemtn

305 3876 357 3951 sed
380 3883 405 3930 ei
426 3909 461 3920 -
487 3879 642 3932 (lucendum.
689 3881 741 3934 His
784 3878 853 3934 buit.

263 3959 403 4014 refellitur
429 3962 505 4034 quod
526 3961 740 4025 obvertebrtnr;

262 4045 397 4098 nimirum
422 4046 479 4105 illi.
507 4048 557 4118 qui
577 4062 655 4120 puter
677 4047 742 4103 vult
824 4042 954 4122 pnffiltile.
999 4048 1046 4103 Sic
1069 4066 1097 4105 et
1113 4046 1262 4127 lmpoffilrilr

260 4128 338 4187 lieri,
360 4147 415 4181 non
430 4130 516 4201 potest
529 4129 647 4184 utibinm
663 4131 742 4186 vidn-
783 4142 812 4199 5,
839 4151 885 4190 ιο.
913 4140 958 4201 ¹8·
994 4133 1030 4187 ci.
1055 4148 1083 4203 3,
1105 4134 1137 4199 6,
1161 4150 1200 4204 23
1221 4128 1260 4187 ubi

262 4213 296 4275 ri,
317 4213 387 4287 quin
403 4232 476 4271 uxot
489 4216 522 4267 lit
535 4215 676 4280 ducenda
695 4232 742 4271 vet·
782 4214 880 4269 limiti·
895 4213 929 4268 de
943 4214 1066 4293 fianta.
