2596 4710
153 312 224 398 5⁶2
330 378 335 390 ,
388 299 447 372 Μ
476 298 579 371 tea.
612 297 931 395 QUINTILIAM

155 497 298 582 tentia,
332 489 554 566 secundum
576 468 813 585 opinionem
834 486 1161 589 pulcherrimam,

68 598 72 607 ’
155 610 331 688 neutile
358 605 542 709 quidem,
575 597 650 677 nifi
675 602 790 700 quod
812 600 1030 679 honestum
1061 598 1163 691 eliet,

134 723 426 817 :existimarint
489 724 541 793 Et
560 714 615 791 est
635 718 732 791 haec
757 720 858 794 ratio
887 713 1164 805 verissima,li

159 838 369 916 confilium
392 837 604 933 ⁴contingat
629 821 784 933 semper
812 834 1021 937 bonorum
1043 849 1163 931 atque

158 953 391 1054 sapientum.
464 953 615 1023 Verum
642 950 749 1049 apud
776 950 1009 1049 imperitos,
1055 946 1162 1047 apud

160 1093 262 1168 quos
284 1066 514 1165 frequentor
533 1063 700 1139 dicenda
717 1062 908 1139 sententia
922 1061 1000 1151 est,
1017 1054 1163 1175 ‘popp-

158 1185 330 1279 lumque
352 1182 584 1280 praecipue,
627 1181 699 1277 qui
725 1179 983 1279 expluribus
1014 1175 1164 1254 constat

159 1294 352 1383 indoctis,
391 1291 765 1369 discernendarum
793 1294 913 1383 haec,
952 1308 995 1367 et
1024 1290 1165 1368 secun·

160 1411 260 1485 dum
278 1434 511 1485 communes
523 1410 646 1509 magis
660 1410 884 1484 intellectus
894 1407 1160 1508 loquendum.
1170 1435 1219 1491 27⁵

135 1529 263 1606 asunt
286 1527 395 1598 enim
416 1526 555 1612 multi,
596 1525 669 1623 qui
693 1528 829 1611 etiam,
865 1549 968 1624 quae
993 1523 1165 1599 credunt

161 1632 342 1744 honesto,
378 1665 464 1715 non
483 1656 616 1714 tamen
642 1638 730 1715 l'atis
760 1638 898 1715 eadem
924 1638 1041 1713 utilia
1063 1664 1164 1738 quo·

161 1779 241 1851 que
263 1753 505 1841 existiment,
533 1770 590 1841 et,
622 1778 725 1851 quae
740 1755 873 1854 turpia
887 1750 962 1829 elle
978 1753 1162 1828 dubitare

160 1893 245 1945 non
274 1864 452 1966 poss‘unt,
489 1868 674 1943 utilitatis
699 1866 825 1968 specie
848 1869 959 1944 ducti
979 1871 1162 1969 probent,

161 1998 209 2057 ut
234 1976 388 2089 foedus
417 1984 725 2071 Numantinum,
764 1982 991 2093 jugumque
1020 1986 1162 2061 Caudi·

135 2120 264 2180 enum.
321 2100 388 2172 Ne
407 2098 605 2196 qualitatis
628 2099 793 2197 quidem
818 2097 935 2188 stam,
963 2101 1009 2175 iu
1026 2128 1110 2201 quo
1126 2114 1165 2175 et

161 2209 423 2289 honestorum
447 2230 486 2287 et
504 2214 675 2287 utilium
685 2212 860 2313 quaestio
878 2212 958 2303 est,
989 2216 1163 2317 comple·

163 2328 217 2400 cti
240 2351 302 2401 eas
326 2325 416 2400 latis
440 2325 505 2400 est.
575 2331 682 2402 Nam
701 2327 931 2430 frequenter
952 2330 998 2407 in
1022 2330 1087 2407 hia
1108 2346 1162 2405 et·

224 2570 305 2648 exist.
322 2587 350 2627 et
369 2592 447 2645 quae.
486 2575 529 2626 Ita
549 2576 647 2632 Turio.
671 2576 745 2632 Alm.
765 2598 828 2633 cum
850 2577 921 2636 Obt.
965 2580 1062 2637 Ceteri
1080 2582 1163 2636 omit-

161 2671 226 2713 tunt
243 2674 285 2717 ec,
308 2674 365 2729 quo
383 2657 473 2711 oratio
488 2660 631 2714 contrahit
645 2660 748 2734 aliquid
762 2663 865 2736 poetici
877 2663 924 2716 vel
938 2664 1057 2718 oratorii
1069 2663 1162 2720 [altem

155 2739 279 2801 coloris,
301 2742 351 2812 qni
367 2740 401 2793 ab
418 2740 470 2794 hac
484 2742 601 2798 docendi
622 2746 794 2819 limphcitate
810 2746 846 2801 est
862 2747 977 2802 alienus.
1020 2748 1161 2804 Facillime

161 2822 306 2878 excidebat
325 2824 385 2898 post
406 2823 550 2899 existimet.
757 2853 801 2886 eas
817 2830 887 2906 satis
909 2829 956 2906 eft
1000 2832 1096 2890 Gueli
1115 2833 1161 2909 fat

155 2907 181 2984 s.
196 2906 244 2984 eft.
267 2927 331 2963 cum
345 2908 424 2967 Vols.
444 2929 469 2963 ι.
486 2924 514 2978 5.
534 2916 617 2967 Born.
660 2915 745 2969 Mire.

201 3104 554 3183 confilium-sapientum.
569 3113 639 3168 Nou
680 3130 743 3166 cunr
755 3113 896 3167 concilium
907 3131 923 3164 a
935 3112 1100 3181 conciendo,
1113 3114 1162 3170 vel

160 3206 230 3263 opni
244 3192 280 3245 eli
293 3211 372 3253 voce,
393 3213 475 3264 qnam
493 3197 637 3256 Gesnerru,
679 3195 846 3250 concalando
865 3196 988 3257 dicatur.
1023 3198 1162 3276 confilium

159 3288 187 3327 et
210 3291 273 3329 ante
294 3274 369 3329 hunc
390 3278 509 3338 Badius,
529 3279 637 3341 maluit,
677 3302 693 3334 a
708 3279 882 3335 consulendo.
903 3281 950 3335 sie
964 3283 1023 3339 cic
1045 3284 1092 3339 De
1107 3284 1160 3340 Or.

159 3361 313 3420 concilium,
334 3379 416 3433 quam
433 3374 524 3414 tamen
541 3362 636 3417 nullus
680 3380 709 3425 α,
730 3376 770 3434 8²
794 3366 857 3418 init.
882 3366 1004 3439 „sapient
1019 3396 1061 3411 -
1075 3369 1161 3423 oonsi-

158 3439 205 3494 hic
220 3438 291 3496 liber
308 3445 431 3518 ostendit.
454 3446 511 3498 vid.
527 3462 586 3500 not.
602 3448 634 3500 ad
678 3448 797 3510 „lium.“
861 3451 932 3502 Item
958 3449 995 3505 de
1014 3450 1158 3523 judicibus

160 3536 253 3585 2,17,
276 3538 324 3595 28.
348 3528 400 3581 Isto
414 3527 476 3582 loco
490 3529 524 3584 de
536 3550 637 3615 genere
679 3552 742 3586 curn
771 3547 898 3606 praetore
924 3532 973 3587 vel
993 3538 1156 3608 quaefirore.

152 3605 340 3664 deliberativo
362 3614 474 3685 proprie
502 3617 637 3694 noudagi·
678 3616 737 3673 vid.
751 3615 906 3672 Ern.Clav.
923 3618 981 3673 Cic.
999 3619 1026 3672 h.
1041 3640 1072 3676 v.

159 3703 214 3750 tur,
234 3711 334 3747 verum
347 3694 382 3750 tle
395 3715 638 3771 quocunquecon·
722 3703 914 3757 Numantinum
928 3731 971 3745 ·-
997 3704 1154 3759 Caudinam.

158 3773 225 3827 fellu
249 3776 439 3845 audientium
460 3781 506 3835 hic
523 3783 560 3844 ii,
582 3785 634 3857 qui
676 3786 722 3840 De
743 3786 852 3839 foedere
867 3789 1044 3843 Numantino
1058 3787 1155 3841 viden·

156 3874 364 3923 convenerunt,
384 3865 418 3917 ad
433 3864 632 3923 confiliandum
674 3869 726 3924 dne
748 3870 784 3923 cst
806 3870 1013 3926 Freinshemius
1035 3872 1066 3925 in
1093 3873 1154 3946 lup-

152 3940 215 3994 iunt
230 3947 465 4022 congregatiquo
481 3952 551 4004 redit
561 3953 632 4007 Gro-
672 3953 819 4027 plementie
845 3956 972 4010 Liuianis
1003 3955 1022 4009 l.
1046 3968 1097 4025 55.
1127 3974 1151 4009 c.

151 4026 271 4080 noviena
285 4045 397 4103 quoque
415 4034 495 4089 ratio.
539 4037 630 4092 Facile
676 4038 821 4106 15—26.
865 4041 910 4094 De
932 4040 1059 4097 citrdino
1079 4043 1150 4119 jugo

150 4127 209 4165 tun
237 4108 348 4166 dirimit
375 4114 468 4188 ipsum
502 4135 628 4194 etymon,
668 4124 734 4178 Lir.
750 4122 798 4177 lib.
815 4143 844 4198 9.
866 4144 889 4178 c.
910 4144 1040 4179 i-rr.
