2596 4710
126 266 129 273 ’
187 330 237 401 90
381 270 475 377 ἰιι
507 310 608 379 aas.
642 303 956 399 cinnamum
1017 312 1021 317 ·

185 446 455 572 illaCornelii
479 493 581 566 Galli
604 491 682 590 est)
712 495 756 567 in
784 452 1009 568 Pollibnem
1033 480 1186 598 cesazar,

186 607 401 698 assectator,
431 609 592 683 eGallia
615 609 783 683 ductum
806 607 870 681 est.
903 631 996 682 nam
1015 599 1186 713 mastru-

251 844 353 920 casmr,
368 845 518 923 affectator.
539 844 719 899 Posteriorem
733 862 831 896 vocem
844 840 979 916 plurimae
994 838 1108 913 quidem
1122 838 1186 894 edd.

184 942 214 987 et
229 929 318 987 codd.
334 931 373 983 ita
386 929 534 990 exhibent,
556 950 619 983 cum
638 928 745 1000 aliquot
765 925 831 980 dent
852 928 1003 1001 affectator.
1047 924 1185 989 staenirn

184 1014 289 1069 habent
303 1014 378 1072 Voss.
395 1028 421 1066 2.
438 1013 523 1068 Goth.
541 1020 611 1082 (tac.
629 1015 724 1078 Gesn.)
740 1030 774 1066 ex
788 1010 849 1064 edd.
865 1026 957 1065 autem
978 1014 1056 1077 (uon
1069 1007 1185 1081 quidem

184 1101 282 1154 Locat.
304 1113 337 1152 ut
355 1099 394 1152 ait
408 1101 505 1152 Burin.
520 1117 550 1152 ea
565 1099 638 1149 enim
652 1096 792 1174 affectator
808 1095 966 1160 manifeste)
988 1094 1068 1149 Rusc
1083 1094 1184 1149 Vener.

188 1192 278 1256 1494.
321 1185 426 1239 Contra
449 1182 524 1239 Vols.
543 1202 568 1238 1.
583 1197 610 1250 3.
634 1180 725 1237 Guels.
749 1179 830 1234 dant:
857 1178 1013 1257 affectatam
1037 1176 1185 1253 Galli-ad·

185 1267 308 1327 duetem',
328 1265 496 1341 praepostera
519 1286 622 1320 vocum
646 1263 828 1324 diremtioue,
848 1264 878 1316 in
892 1283 945 1336 qua
966 1276 1058 1317 tamen
1070 1280 1100 1336 re
1117 1279 1184 1315 vera

118 1402 122 1407 .
186 1350 354 1425 estrecepta.
396 1350 480 1424 Quod
495 1366 587 1403 atium
601 1349 698 1405 attinet
712 1347 856 1407 advocent
873 1347 966 1423 casaiae
982 1367 1012 1400 ea
1026 1346 1139 1418 qrtidem
1154 1346 1185 1398 in

185 1432 283 1494 nullo,
312 1437 343 1487 ui
365 1432 461 1493 fallor,
492 1433 593 1489 Codice
615 1450 763 1506 comparet.
803 1431 950 1486 Silentium
972 1432 1046 1485 enim
1068 1429 1185 1487 Gibsoni

186 1517 290 1572 deluis
312 1519 479 1573 Britannicis
501 1519 572 1571 tanti
587 1518 658 1570 mihi
680 1536 736 1587 nisu
759 1517 889 1575 videtur,
918 1532 951 1570 ut
973 1517 1002 1568 iu
1027 1532 1185 1570 ceterorum

185 1602 314 1656 omnium
329 1602 460 1655 constanti
474 1601 643 1662 diversitate,
666 1620 711 1655 eos
726 1616 860 1675 receptam
878 1602 950 1653 tueri
965 1615 1070 1673 putem.
1106 1598 1185 1657 Votl'.

189 1705 214 1738 1.
232 1701 259 1752 3.
275 1689 357 1741 Bern.
374 1683 467 1740 Gnels.
483 1684 550 1739 deut
564 1684 676 1760 casurae.
721 1683 911 1759 Alme-asena.
940 1685 1015 1742 Vols.
1032 1700 1059 1738 2.
1076 1684 1182 1761 caffaat.

185 1769 272 1823 Gotlr.
289 1769 436 1845 Cosanum.
458 1770 554 1823 Turic.
566 1770 678 1844 Casurus.
707 1769 777 1822 Edd.
794 1767 907 1842 quidem
921 1768 1067 1843 pleraeque
1080 1766 1184 1842 casaur,

183 1867 294 1928 praeter
310 1853 497 1912 linthearum,
522 1874 591 1927 quae
609 1851 702 1927 Casum
715 1870 742 1907 et
755 1857 888 1909 Venetam
910 1864 986 1926 ¹494
1002 1872 1072 1925 quae
1084 1851 1184 1926 casensi

185 1945 260 2006 (uon
279 1936 382 2011 Cosmi,
406 1953 435 1990 ut
449 1938 533 1991 refert
551 1938 642 2010 Gibs.)
655 1936 777 1990 exbibet.
820 1937 938 1994 Videtur
953 1938 1093 2015 igiturex
1108 1954 1184 1989 mera

184 2020 261 2075 docti
281 2019 423 2093 eujusdam
443 2021 567 2074 hominis
582 2025 739 2094 ciirrjectura
760 2022 898 2095 occupasse
919 2021 979 2074 edd.
994 2020 1063 2075 istud
1078 2019 1182 2095 easw-

184 2108 347 2178 Quauquam
372 2105 550 2159 Florentium
571 2106 683 2164 Codex,
705 2126 788 2180 quem
811 2107 839 2159 iu
856 2105 997 2182 affectator
1012 2105 1111 2165 diserte
1127 2124 1185 2159 me·

183 2204 275 2243 morat
294 2190 415 2266 Regius,
444 2191 474 2242 in
490 2190 582 2263 casiae
597 2211 653 2243 non
676 2193 759 2251 item,
782 2205 808 2243 et
831 2191 985 2244 Britannici
1001 2190 1123 2283 possunt
1140 2189 1183 2243 vi-

183 2272 243 2327 deri
266 2288 402 2345 receptam
424 2273 578 2327 desetulere.
625 2275 737 2329 Accedit
760 2275 792 2327 ad
813 2274 882 2328 hane
907 2274 994 2330 culd.
1020 2276 1049 2325 in
1065 2272 1183 2327 vitando

183 2356 277 2432 casaur
299 2357 488 2417 constantiam,
516 2357 645 2412 dissensus
669 2359 824 2412 nranisellus
848 2359 979 2415 Varronis
1005 2373 1032 2410 et
1054 2358 1125 2411 Festi
1151 2358 1184 2410 in

182 2442 263 2494 vocis
284 2456 310 2494 et
325 2442 433 2520 origine
452 2458 479 2494 et
496 2444 705 2519 significatione,
727 2462 796 2514 quos
811 2459 933 2496 auctores
949 2458 1095 2514 antequam
1110 2441 1185 2498 labo·

181 2542 276 2578 remus
304 2545 367 2578 cum
388 2529 442 2600 Qu.
464 2527 625 2589 conciliare,
660 2531 707 2582 itit
729 2527 762 2580 de
785 2528 893 2605 origiue
917 2526 1047 2582 vocabuli
1070 2526 1183 2599 Celtica.

182 2709 316 2765 Pollionis
338 2726 395 2764 erat
410 2711 545 2784 aequalis,
568 2732 663 2786 quem·
705 2732 768 2766 cum
796 2713 885 2790 Regio
906 2728 1013 2767 inritare
1035 2713 1063 2766 in
1088 2713 1184 2769 Gallo·

182 2815 237 2869 qne
248 2794 281 2847 ab
297 2795 425 2849 historico
435 2797 575 2850 diversum
589 2812 662 2849 recte
704 2819 775 2857 ram,
820 2798 1049 2870 intemperantius
1086 2798 1184 2852 suerit.

185 2879 302 2933 ostendit
323 2881 432 2936 Volltus
457 2880 476 2933 l.
501 2901 523 2933 c.
574 2884 663 2954 eran-
703 2884 748 2935 De
772 2882 845 2934 sertsu
867 2882 997 2935 vocabuli
1017 2881 1115 2935 itidem
1129 2881 1183 2939 elit

185 2982 269 3036 quam
297 2967 395 3016 Seneca
426 2982 502 3036 prater
531 2969 660 3038 Excerpe
705 2966 804 3019 docent
824 2969 912 3021 Varro
940 2982 966 3018 et
993 2967 1102 3025 Felius,
1131 2967 1183 3039 qui

186 3050 283 3104 Contr.
307 3046 324 3099 l.
341 3057 499 3120 4prooem.
529 3048 662 3110 Labieni,
699 3048 792 3124 senem
821 3069 853 3107 eo
880 3051 1024 3126 significari
1053 3049 1183 3110 tradunt.

183 3131 306 3185 historici
343 3133 419 3190 sane,
453 3132 599 3187 dicterium
630 3135 661 3186 in
702 3154 766 3186 cum
788 3135 877 3186 noster
895 3134 1078 3210 affectatorem
1091 3152 1125 3186 an
1139 3132 1184 3207 af-

129 3236 139 3259 s
179 3214 335 3269 Pollionem
351 3232 495 3269 memorat.
700 3216 858 3289 sectator-eut
877 3223 889 3282 (
897 3219 1013 3270 sluctnat
1029 3218 1103 3269 enim
1121 3219 1184 3271 scri·

221 3297 323 3373 casuue.
368 3299 455 3356 Valde
485 3301 588 3353 ruitum
618 3301 661 3353 vi·
701 3308 804 3374 ptura)
825 3302 970 3378 intelligat.
1015 3304 1104 3358 Varro
1120 3302 1184 3375 qui·

178 3382 278 3442 detur,
309 3383 514 3455 Quintilianum
544 3385 573 3436 in
606 3384 660 3438 hoc
700 3386 764 3438 dem
797 3385 852 3438 eliu
888 3404 1000 3459 quoqne
1036 3387 1113 3445 loco,
1152 3387 1184 3439 in

178 3465 317 3521 vocabulo
348 3487 362 3520 e
391 3466 480 3522 Gallie
508 3468 659 3542 repetendo
699 3471 871 3547 fragmentis
904 3473 1135 3543 Menippearum.
1167 3490 1184 3523 a

178 3570 236 3603 non
259 3550 362 3611 solum,
384 3552 509 3606 recedere
530 3574 543 3604 a
562 3557 660 3608 Varro·
700 3554 797 3608 Nonio
814 3553 909 3612 alluta,
932 3574 967 3607 ex
989 3554 1183 3607 enaendrtioue

178 3635 223 3688 nis
244 3636 422 3694 auctoritate.
445 3638 493 3708 qui
517 3636 550 3689 de
575 3640 607 3689 1,.
624 3639 658 3691 L.
701 3628 995 3715 selicilsrmaSealiger‘i
1010 3637 1132 3711 castiores
1148 3639 1183 3693 de

178 3717 233 3772 l.6
256 3737 283 3793 p.
299 3719 362 3792 Bip.
378 3719 428 3787 86.
473 3721 550 3775 Oscis
567 3719 594 3772 id
611 3721 660 3772 tri·
702 3720 810 3777 lenibus
832 3721 994 3795 depontanis
1014 3724 1127 3795 usrnpat
1153 3742 1182 3796 p.

178 3802 256 3863 buit,
286 3802 330 3857 sed
354 3822 388 3857 ne
410 3805 579 3856 mentionem
600 3805 660 3877 qui·
701 3806 764 3878 Bip.
795 3815 865 3874 508.
919 3806 948 3859 Si
975 3806 1063 3882 igitur
1090 3807 1183 3865 lectio.

177 3886 242 3951 dein
267 3886 353 3940 sacere
376 3888 475 3941 stuumi
496 3889 526 3941 in
547 3888 600 3942 lroc
616 3908 660 3965 ge
701 3888 810 3961 qualem
855 3891 1008 3962 recepimus
1044 3909 1112 3944 vera
1146 3890 1184 3945 est

179 3988 245 4024 nere
261 3970 407 4044 scriptoris.
429 3980 431 3985 '
453 3974 661 4031 Ceterumvar·
702 3973 805 4026 dixeris
834 3971 968 4048 casaur-em
995 3977 1050 4028 live
1083 3972 1186 4028 Pollio·

180 4054 245 4108 roni
273 4054 307 4109 de
338 4055 389 4108 liae
418 4074 488 4109 voce
518 4056 661 4111 assentitur
702 4075 783 4116 nem,
812 4058 867 4111 srve
896 4056 981 4111 alium
1006 4059 1184 4132 qrrempism.

89 4206 93 4217 Ι
181 4138 263 4195 stiam
292 4139 401 4201 Festus,
430 4141 510 4214 cujus
531 4138 662 4216 Oscorum
703 4141 734 4195 in
747 4140 795 4196 illa
810 4141 994 4198 orationeeffe
1008 4141 1184 4218 appellatum,
