2596 4710
80 314 84 325 '
144 328 223 379 xxx
473 304 817 380 PRAEFATIO.

144 492 221 573 else
241 492 355 572 libris
380 490 497 571 hisce.
531 494 538 519 ⁴
567 501 619 573 Et
644 495 763 571 habet
789 494 887 568 alter
913 493 983 569 ille
1000 494 1145 571 titulus

141 653 321 722 morem,
357 656 439 732 quo
465 628 505 706 se
528 645 704 718 tueatur,
747 626 927 730 ipsorum
950 644 1147 719 veterum,

143 763 415 877 Institutiones
433 766 720 868 appellantium
728 765 867 852 libros,
895 765 1044 865 quibus
1068 766 1148 839 elc-

83 948 85 952 -
142 918 278 977 menta
298 904 390 976 artis
412 898 618 993 cujusdam
636 914 871 977 enarrarent
936 897 1147 977 Credimus

143 1034 223 1113 hoc
237 1034 441 1111 Lactantio
465 1033 608 1110 diserte
627 1035 957 1110 commemoranti
971 1035 1016 1108 in
1034 1031 1148 1109 fron·

143 1184 183 1245 tc
205 1168 507 1249 Institutionum
530 1168 796 1257 Divinarum
835 1183 876 1241 et
897 1167 1026 1267 potest
1050 1194 1147 1243 con·

141 1301 241 1381 ferri
268 1306 471 1391 BarthiuS,
512 1300 565 1375 do
597 1301 796 1394 ejusmodi
829 1301 951 1377 titulo
988 1300 1149 1401 copiose

144 1434 348 1539 disputans
377 1430 551 1514 Adverll'.
583 1434 652 1508 lib.
677 1456 714 1508 ε.
750 1436 794 1512 Ο.
827 1457 890 1529 17.
905 1437 1004 1537 fqui
1027 1437 1149 1511 etiam

143 1573 323 1648 vitruvii
343 1573 472 1648 utitur
494 1556 725 1647 auctoritate
747 1572 958 1671 prooemio
975 1571 1070 1645 libri
1087 1567 1148 1644 se·

142 1707 262 1806 ptimi
276 1706 610 1782 Architectonicas
635 1703 927 1782 institutionces
946 1706 1144 1807 ponentis.

139 1841 364 1919 Commode
389 1858 484 1918 cum
510 1838 676 1937 huiusce
699 1838 967 1942 inscriptionis
994 1840 1145 1941 plurali

12 2062 17 2091 ἰ
139 1978 357 2053 contuleris
380 1977 546 2053 titulum
567 1977 662 2052 libri
683 1977 949 2066 ciceroniani,
979 1977 1053 2076 qui
1080 1977 1145 2052 in·

139 2106 342 2188 scribitur:
372 2112 607 2188 Partitiones
620 2112 823 2188 oratoriae.
863 2110 953 2200 Sed,
973 2135 1142 2187 cumres

139 2235 181 2344 et
201 2247 303 2323 levis
318 2241 409 2322 esset
421 2263 461 2321 et
478 2243 621 2323 confici
639 2249 844 2346 nequiret,
867 2246 1143 2346 obtemperan-

138 2379 241 2459 dum
265 2380 365 2459 duxi
385 2383 671 2460 recentioribus
689 2382 892 2482 exemplis,
921 2381 1071 2480 quibus
1095 2379 1142 2457 id

139 2542 305 2619 quoque
326 2514 500 2609 concelli,
532 2533 580 2593 ut
600 2518 748 2595 alicubi
768 2542 871 2617 opus
885 2516 965 2592 hoc
990 2516 1141 2592 dicere·

138 2669 208 2728 tur
230 2655 433 2730 oratoriae
452 2651 716 2731 Institutionis
734 2653 831 2728 libri
852 2655 933 2727 xit
992 2653 1140 2752 Neque

136 2790 248 2863 enim
277 2787 485 2891 singularis
508 2787 561 2864 src
588 2786 739 2890 politus
769 2788 956 2863 abhorret
982 2787 1031 2862 ab
1061 2783 1140 2865 usu

86 2950 89 2957 ·
135 2922 339 3027 scriptoris
364 2922 502 3014 nostri,
530 2909 657 3025 quise
676 2917 948 3029 institutionem
969 2924 1025 2997 ait
1045 2947 1141 3022 pro·

136 3055 280 3135 felium
300 3079 470 3151 11,1‚5.
500 3060 599 3139 item
613 3061 901 3159 Hieronymus,
926 3060 972 3133 in
986 3044 1156 3159 praefe-¹

137 3194 249 3273 tione
263 3196 309 3272 in
324 3192 505 3285 Abdiam,
534 3199 607 3271 XII
623 3194 747 3271 libros
766 3190 1027 3270 institutionis
1050 3216 1138 3268 ora-

137 3333 263 3407 toriae
291 3332 471 3432 cppellat
520 3328 659 3408 confer
678 3344 877 3431 praeterea
907 3355 942 3417 1,
976 3354 1011 3415 1,
1042 3352 1081 3417 9.
1112 3342 1139 3413 a

136 3484 369 3567 prooemc.
397 3470 494 3544 item
517 3488 580 3556 ro,
613 3492 676 3556 11,
711 3486 772 3540 rr.
829 3461 1139 3541 InCodd.MSS.

135 3600 242 3680 nihil
257 3600 462 3704 praesidii,
487 3603 680 3702 quoniam
695 3596 1029 3698 inscriptionibus
1051 3592 1138 3671 fere
1175 3680 1178 3691 ¹

137 3752 269 3812 carent
288 3734 363 3813 nisr
383 3735 496 3837 quod
513 3739 558 3812 in
579 3731 890 3834 Guelferbytnro
914 3730 965 3806 ad
988 3728 1137 3807 calcem

134 3871 229 3948 libri
243 3874 365 3975 primi
385 3870 612 3967 subjicitur:
640 3872 699 3946 M.
716 3871 757 3945 F.
774 3874 819 3976 Q.
836 3864 1135 3943 Institutionum

61 4043 64 4049 ·
132 3998 405 4096 oratoriarum
437 4009 494 4097 n,
513 4006 736 4087 vicenum
755 4002 1003 4115 *noenum
1031 4001 1135 4077 ner
