2596 4710
132 291 264 347 mm
323 228 327 237 ’
459 224 825 344 aututino(

130 458 401 555 „Mobillonii
429 472 469 532 et
482 458 837 535 Benedictinorum
853 459 1024 533 innovo
1042 479 1137 556 ope·

134 622 203 692 „re
224 594 514 696 Diplomatico,
549 608 816 694 apparuerunt
839 595 952 682 tales,
988 607 1035 667 ut
1057 594 1138 668 Co·

133 733 236 830 „dex
267 725 391 834 posset
421 742 561 805 octavo
590 729 658 805 vel
688 754 799 806 nono
830 725 963 803 seculo
997 728 1137 818 tribui,

134 865 265 960 „insta
288 863 550 942 undecimum
570 879 674 939 certe
697 864 769 938 vix
791 863 1002 938 amandari.
1077 867 1137 939 Ex

98 1100 101 1105 ,
135 1005 302 1096 „Ultima
325 1025 423 1083 vero
454 997 616 1075 Codicis
643 999 787 1099 pagina
812 997 1053 1098 antiquitatis
1076 1020 1137 1072 ar·
1173 984 1180 997 ’

134 1152 397 1240 ,·,gumentum
435 1131 523 1210 satis
558 1132 767 1233 probabile
805 1131 948 1210 confici
981 1126 1136 1210 fortasse

5 1330 10 1347 ,
134 1270 316 1377 „poterit
375 1270 541 1369 Legitur
560 1269 670 1345 enim
690 1269 737 1343 in
759 1263 840 1343 fine
859 1269 1012 1357 titulus,
1042 1293 1136 1342 cum

133 1430 331 1502 „numero
351 1405 447 1479 anni
468 1402 792 1493 MCCCCXLVI',
815 1409 929 1498 cujus
942 1402 1136 1503 scriptura

135 1567 255 1633 „cum
278 1542 329 1615 iis
355 1539 561 1615 literarum
585 1534 748 1627 formis,
792 1562 895 1639 quae
926 1545 1010 1632 ejus
1038 1554 1136 1623 tem-

135 1677 268 1778 „poris
298 1671 505 1762 feriuntur,
551 1674 609 1749 ita
634 1674 843 1762 convenit,
885 1689 932 1749 ut
964 1673 1137 1751 dubium

136 1806 235 1902 „elle
264 1833 349 1887 non
370 1807 502 1910 poffit,
535 1810 639 1908 quin
665 1833 760 1883 vere
785 1805 973 1909 ascriptus
999 1805 1044 1882 sit
1064 1807 1138 1884 iste

90 1972 95 1983 ·
137 1970 298 2038 „annus
376 1944 570 2049 Superius
602 1942 679 2018 alia
714 1944 890 2019 cernitur
917 1942 1136 2044 inscriptio,

136 2062 276 2175 „cuius
324 2078 396 2154 vix
439 2073 618 2178 ungulae
664 2054 802 2155 litatae
857 2077 1137 2180 agnoscuntun

137 2185 272 2307 „Hanc
301 2212 376 2287 alia
403 2210 621 2313 praecedit,
678 2238 800 2313 quam
826 2210 942 2288 facile
977 2213 1137 2292 duobus

136 2346 395 2451 „pluribusve
415 2343 556 2422 seculis
575 2347 841 2448 antiquiorem
865 2348 1026 2442 judices.
1102 2351 1137 2425 A

136 2509 241 2586 „qua
264 2508 351 2559 non
369 2483 527 2558 minore
552 2482 741 2582 temporis
760 2485 973 2562 intewallo
996 2482 1137 2559 distare

137 2617 325 2711 „videtur
350 2619 506 2717 primus
528 2617 598 2691 ille
619 2592 777 2707 titulus,
815 2644 938 2719 quem
962 2619 1138 2697 diximus

136 2752 316 2845 „librum
342 2751 453 2828 hunc
477 2748 721 2828 Monasterio
751 2755 884 2830 Sancti
904 2755 1017 2841 ‚Galti
1047 2756 1139 2830 vin·

138 2884 305 2977 „dicare
380 2891 469 2963 Hoc
491 2912 622 2996 unum
646 2887 821 2991 denique
844 2889 1047 2966 addimus:
1091 2891 1142 2965 li·

137 3021 283 3114 „brum
306 3023 417 3098 hunc
434 3024 672 3127 Quintiliani
696 3025 902 3103 literarum
922 3027 1141 3103 initialium

135 3173 461 3256 „ceterarumque
486 3155 626 3236 formis
655 3175 694 3233 ct
721 3161 873 3251 colore,
925 3159 1142 3237 scribendi·

138 3317 244 3393 „que
284 3291 532 3392 compendiis
572 3291 660 3369 satis
703 3312 879 3373 accurate
923 3298 1143 3375 convenire

1 3411 3 3425 ⁸
138 3454 268 3521 „cum
275 3425 577 3513 sacramentario
596 3427 773 3530 quodam
791 3430 1045 3532 sangallensi,
1075 3432 1144 3507 iti·

138 3562 258 3654 „dem
301 3563 347 3637 in
390 3562 634 3640 bibliotheca
675 3564 878 3641 Turicenst
923 3548 1142 3659 custodit03

136 3721 288 3798 „quem
309 3697 460 3773 librum
483 3699 683 3775 Martinus
711 3702 942 3791 (tetbertus,
997 3706 1144 3779 Mona.

134 3830 271 3925 „steni
292 3848 332 3908 et
356 3834 671 3935 congregationis
693 3836 822 3907 Sancti
842 3835 958 3911 Blasii
977 3841 1021 3913 in
1047 3837 1143 3917 filva

137 3969 275 4072 „nigra
291 3969 437 4061 Abba,
476 3970 521 4045 iu
540 3970 818 4048 Monumentis
840 3974 984 4053 veteris
1006 3977 1143 4054 Litur.
