2750 4800
457 367 793 450 PRAEFATIO.
1046 375 1125 440 1111

120 553 344 656 „publicam
373 575 574 634 venerunt
604 559 688 635 duo
719 558 846 653 Codd.
875 559 986 636 MSS.
1016 583 1123 636 uon·

81 767 87 791 .
118 691 246 780 „dum
273 687 430 777 excuffi,
467 693 602 789 plures
630 697 741 772 MSS.
772 695 1002 773 collationes
1031 719 1120 814 paq·
1184 767 1194 774 ,

118 827 216 916 „tim
251 849 274 896 a
307 821 464 900 summo
501 829 612 916 viro,
669 833 725 904 Io.
762 828 867 904 Frid.
898 829 1119 917 Gronovio‚

117 959 287 1058 „partim
328 983 351 1030 a
392 961 609 1036 Laurentio
656 959 872 1040 Theodoro
911 963 1118 1040 Gronovio

114 1090 273 1182 „factae
354 1095 544 1192 Denique
580 1091 664 1193 ipso
700 1111 948 1194 apparatum,
995 1121 1117 1194 quem

108 1223 323 1318 „Emestus
342 1228 564 1326 collegerat,
588 1252 676 1303 care
699 1229 937 1318 redemtum,
964 1232 1010 1304 in
1026 1255 1116 1306 eau-

112 1361 232 1452 „dem
267 1362 390 1438 intuli
424 1361 746 1471 Bibliothemm.“
834 1368 926 1442 Erat
962 1362 1116 1440 summu

110 1485 215 1573 mihi
251 1494 497 1596 gratificandi
532 1499 723 1586 ,voluntas
764 1499 810 1574 in
853 1499 1114 1588 Ruhnkenio,

111 1633 202 1708 viro
231 1657 253 1704 a
280 1631 420 1722 nobis,
462 1648 664 1730 quotquot
692 1657 764 1733 per
783 1637 987 1732 Europam
1005 1648 1116 1710 vete·

108 1792 173 1844 res
190 1765 321 1844 literas
339 1768 521 1857 colimus,
549 1794 624 1869 pro
646 1769 796 1848 horum
813 1766 1014 1846 sacrorum
1033 1771 1114 1844 An-

108 1900 250 1994 tistite,
277 1899 520 1980 venerando.
576 1902 725 2001 Neque
755 1903 931 1979 minores
961 1906 999 1981 ei
1026 1929 1113 2005 gra·
1237 1951 1242 1962 ·

107 2039 182 2114 tias
211 2037 359 2127 habeo,
406 2036 520 2138 quod
547 2051 701 2116 tantum
731 2038 947 2117 concedere
977 2039 1112 2114 voluit

106 2173 271 2254 homini
294 2173 454 2272 cognito
478 2196 526 2245 ex
548 2169 767 2249 breviffima
793 2175 839 2247 in
866 2171 982 2249 doctr
1008 2172 1110 2250 urbe.

105 2308 443 2398 commoratione3
498 2303 567 2383 etfi
609 2321 837 2406 temporum
880 2304 1111 2384 nostrorum

104 2442 295 2542 iniquitas
323 2440 474 2518 invidit
504 2440 608 2522 mihi
635 2439 748 2516 hasce
778 2467 894 2543 opes,
943 2441 1108 2520 laetiore

102 2573 261 2656 fortuffe
278 2581 462 2677 Europae
488 2572 653 2656 fortuna
679 2575 895 2672 aliquando
917 2574 1109 2675 usurpan-

104 2714 184 2792 das.
268 2711 417 2792 Eadem
456 2727 686 2821 temporum
726 2708 885 2790 felicior
929 2709 1107 2790 conditio

104 2847 346 2950 expectanda
366 2843 421 2922 est
450 2845 501 2920 ad
529 2844 796 2924 obtinendum
820 2847 1005 2934 aliorum,
1033 2845 1107 2944 qui

103 2989 151 3064 iu
172 2980 257 3084 ipla
280 2979 491 3056 Germania
510 2955 657 3056 seriori
674 2979 879 3073 feruutur,
907 2983 1107 3060 librorum

104 3117 236 3198 ulum.
293 3111 382 3216 lpse
400 3115 521 3204 enim,
554 3141 647 3192 cum
665 3117 902 3218 bambergae
929 3113 1107 3196 versarer

104 3259 149 3334 in
175 3255 345 3340 itinere,
380 3273 430 3328 ex
457 3249 590 3326 indice
619 3249 747 3328 Codd.
776 3255 886 3328 MSS.
917 3246 1107 3349 quisunt

104 3391 149 3470 in
185 3387 430 3465 bibliotheca
463 3387 639 3488 capitur
666 3387 805 3464 notavi
841 3375 1107 3489 „quinorum
1163 3367 1166 3384 '

108 3522 402 3614 „Institutiones
431 3521 641 3608 oratorias,
671 3518 863 3598 Codicem
889 3521 1105 3598 membran.

108 3655 252 3746 „seculi
271 3657 457 3754 decimi.“
515 3655 687 3769 Geqkius
709 3656 754 3729 in
777 3656 979 3733 Itineratio
1002 3659 1047 3730 T.
1072 3683 1105 3732 1.

108 3817 148 3894 p.
177 3811 270 3886 571.
300 3805 432 3866 narrat
458 3787 605 3868 servari
632 3789 678 3870 in
705 3789 948 3866 bibliotheca
976 3791 1107 3868 Cano·

109 3925 200 4002 niae
233 3925 486 4025 Polliuganae
521 3929 566 4002 iu
600 3927 763 4006 navaria
802 3924 901 4006 Cod.
939 3927 1105 4006 membr.

109 4063 249 4166 Quint.
281 4064 360 4136 sec.
383 4069 446 4160 14.
473 4063 559 4140 Fol.
590 4085 728 4166 parvo.
