2596 4710
198 403 273 478 314
430 384 488 455 n.
513 384 615 454 rm.
641 385 955 478 omissurum
1059 382 1063 391 ·

195 598 350 679 parare,
375 574 447 672 qui
466 571 603 649 nullus
616 571 698 648 est?
725 599 901 665 narrare,
930 575 1043 675 quod
1058 602 1199 658 omnes

194 680 316 765 sciant
346 687 515 765 falsum?
551 688 803 787 probationes
831 690 1019 769 adhibere
1050 692 1197 785 causae,

195 807 246 882 de
270 832 350 904 qua
373 813 493 879 nemo
522 801 569 879 stt
595 809 963 903 pronunciamus?
1020 813 1071 883 Et
1099 809 1198 885 haee

194 920 360 1021 quidem
380 917 504 996 otiosa
524 907 688 994 tantnni.
720 918 819 997 affici
840 946 958 1010 vero,
989 925 1106 998 etim
1130 926 1197 1002 vel

193 1034 308 1113 luctu
322 1059 573 1137 permovere,
599 1040 712 1126 euius
731 1034 785 1109 est
802 1036 988 1125 ludibrii,
1015 1037 1090 1113 nili
1105 1042 1196 1138 qui·

191 1150 360 1228 busdam
387 1174 542 1250 pugnae
569 1147 784 1227 fimulacris
808 1151 857 1226 ad
884 1178 1026 1229 verum
1042 1152 1195 1251 ¹discri-

164 1292 285 1355 9men
308 1267 510 1362 aciemque
533 1264 673 1357 justam
695 1264 1012 1344 consuescimus?
1069 1270 1192 1346 Nihil

188 1408 284 1482 ergo
308 1383 410 1454 inter
430 1378 585 1456 forense
608 1406 732 1479 genus
752 1381 931 1471 dicendi,
960 1400 1079 1482 atque
1109 1385 1190 1461 hoc

186 1494 530 1582 declamatorium,
560 1498 763 1571 intererit?
822 1500 863 1573 Si
885 1498 1086 1599 profectus
1102 1525 1190 1599 gra·

184 1611 443 1697 dedicimus,
467 1610 581 1684 nihil.
637 1612 879 1712 Utinamque
893 1613 1010 1707 adjici
1023 1614 1073 1689 ad
1091 1641 1189 1691 con·

183 1724 438 1801 suetudinem
456 1721 598 1825 posset,
628 1742 675 1800 ut
700 1729 931 1806 nominibus
957 1744 1227 1818 uteremur,1t

183 1856 222 1915 et
251 1840 457 1942 perplexae
489 1842 632 1938 magis,
674 1857 713 1915 et
741 1844 935 1942 longioris
966 1843 1185 1944 aliquando

181 1974 309 2045 aetus,
336 1954 622 2031 controversiae
643 1953 905 2056 fingerentur,
934 1976 973 2034 et
994 1960 1114 2034 verba
1139 1961 1185 2035 in

181 2066 256 2149 usu
282 2070 517 2172 quotidiano
549 2070 673 2171 pofita
699 2075 833 2149 minus
860 2077 1110 2162 timeremus,
1145 2089 1185 2149 et

179 2182 287 2282 jocos
311 2184 480 2260 inserere
500 2189 622 2260 moris
643 2183 752 2261 esset:
795 2214 894 2286 quae
920 2217 1013 2278 noe,
1042 2215 1182 2289 quam·

179 2305 277 2376 libet
294 2327 366 2402 per
382 2302 456 2373 ulia
472 2304 516 2375 in
532 2298 675 2376 scholis
693 2307 888 2378 exercitati
906 2302 1054 2393 sumus,
1083 2308 1182 2381 tiro·

134 2452 171 2488 ιο
179 2443 249 2493 nes
272 2419 314 2491 in
333 2413 424 2490 soro
442 2416 664 2490 inveniunt.
724 2420 764 2492 Si
778 2420 874 2495 vero
893 2417 1180 2497 inostentatio-

174 2558 268 2608 nem
299 2547 550 2634 comparetur
574 2531 824 2619 declamatio,
854 2530 944 2608 sune
964 2536 1178 2635 paululum

173 2647 329 2749 aliquid
351 2649 561 2721 inclamare
583 2647 632 2719 ad
658 2650 902 2750 voluptatem
925 2648 1176 2726 audientium

61 1560 67 1589 l

232 2882 394 2938 permonere.
439 2859 533 2915 Guels.
555 2882 720 2933 promovere.
769 2862 859 2919 Facile
880 2863 995 2936 quidem
1020 2884 1083 2919 cnm
1105 2866 1175 2938 Cap·

171 2966 230 3023 per.
246 2963 274 3001 et
288 2948 366 3003 Gelu.
383 2936 531 3019 permetiri
553 2944 658 3023 legere,
679 2966 742 2999 enm
760 2950 918 3021 praesertim
936 2947 1021 3004 Goth.
1045 2948 1092 3001 det
1111 2969 1176 3022 pro·

172 3040 286 3092 moueri,
321 3032 363 3085 led
386 3033 414 3082 iu
438 3045 515 3084 tanto
536 3030 624 3085 Codri.
644 3044 798 3085 ceterorum
821 3048 847 3084 et
867 3031 943 3093 edd..
967 3033 1092 3086 activum
1109 3033 1176 3086 dan·

172 3119 260 3177 tium,
287 3118 431 3175 consensu,
449 3112 538 3173 subit,
559 3110 636 3188 affici
651 3113 754 3167 reserre
771 3114 804 3167 ad
822 3114 1036 3177 declamantem,
1057 3116 1090 3168 ed
1112 3136 1175 3190 per·

168 3222 272 3258 arcuere
287 3215 378 3255 autem
391 3197 550 3276 intelligere
563 3199 741 3275 irnagiuarios
758 3199 821 3252 istos
838 3199 951 3271 jndices,
973 3198 1024 3273 qui
1042 3198 1173 3254 erudiunt.

231 3302 258 3338 er
278 3289 362 3354 jocos.
405 3281 491 3339 ooth.
514 3287 587 3346 (rae.
611 3283 712 3348 Gelu.)
735 3301 764 3336 ut
788 3287 843 3353 joe.
869 3303 932 3337 cum
954 3284 1003 3339 suo
1024 3282 1102 3343 Vols.
1125 3298 1174 3348 2..

166 3369 255 3433 male3
279 3369 320 3422 scd
339 3369 372 3421 es.
388 3367 421 3420 ad
438 3381 497 3419 not.
514 3366 625 3434 Crit.§.
645 3366 673 3418 6.

229 3454 380 3507 irularnare.
422 3454 463 3505 lta
487 3449 579 3505 Guels.
602 3466 630 3505 et
653 3449 760 3512 codd..
782 3452 812 3504 ni
830 3449 927 3511 fallor,
949 3469 1045 3505 omnes
1062 3468 1174 3527 praeter

166 3536 251 3592 Goth.
278 3537 329 3609 qui
350 3535 471 3610 praefert
491 3536 632 3594 inclinare,
653 3535 745 3608 quod,
768 3552 832 3588 cnm
853 3536 884 3587 in
906 3534 969 3589 edd.
992 3537 1074 3590 etiarn
1098 3553 1171 3594 vett,

200 3741 361 3795 permovere.
383 3720 443 3774 vid.
459 3734 517 3772 not.
529 3719 600 3774 Crit.
684 3735 776 3774 tamen
791 3736 879 3774 certae
895 3722 957 3774 lunt
972 3723 1113 3797 personne,
1124 3723 1169 3779 sed

202 3808 317 3859 nentina.
353 3807 427 3877 Quae
442 3803 517 3856 nullu
534 3805 594 3856 lum
611 3803 640 3855 in
684 3803 718 3857 de
733 3806 768 3858 iis
784 3806 813 3857 in
834 3805 884 3858 hac
900 3806 1089 3878 disputatione
1107 3808 1171 3864 fera

60 3942 65 3957 ‚
160 3887 423 3949 declamationibus,
457 3906 521 3941 nam
555 3903 641 3960 parer,
682 3907 738 3940 non
756 3889 877 3965 cogitare
892 3888 1024 3950 videtur,
1046 3906 1078 3944 nt
1092 3891 1169 3947 insta

115 3968 118 3977 ⁵
162 3974 349 4049 tyrannicida,
370 3973 526 4031 aboliturus,
546 3987 641 4043 raptor
681 3992 758 4032 earn,
780 3991 862 4045 qnam
877 3975 1102 4038 nuncinslstuit,
1123 3994 1168 4033 ae·

158 4060 264 4130 semper
271 4058 423 4133 generatim
434 4056 573 4114 dicuntur,
583 4074 639 4127 qno
681 4073 764 4110 ortem
781 4057 886 4130 politis.

159 4142 218 4216 ipso
241 4157 299 4194 tote
323 4158 366 4193 res
388 4141 419 4193 sit
436 4139 567 4217 frigidior
582 4154 609 4192 et
624 4159 640 4192 a

159 4226 277 4280 veritate
293 4223 418 4278 alienior.
463 4226 496 4276 ln
507 4221 639 4300 suasoriis
721 4224 873 4281 imlaruare.
893 4222 954 4281 vid.
970 4239 1031 4283 not·
1042 4222 1119 4286 crit.
