2596 4710
225 323 298 389 282
429 378 432 383 ,
458 307 514 376 Μ.
541 306 642 376 Fan.
669 303 983 398 QUINTILIANI

222 493 399 580 volucer,
428 511 467 567 et
471 487 638 602 sagittis
656 520 702 567 oc
712 487 814 597 sace
835 493 1037 564 armatus?
1062 505 1102 564 et
1123 487 1226 566 simi·

222 610 286 684 lia.
318 611 362 682 in
380 611 526 708 quibus
542 607 812 684 scrutabamur
828 607 1089 694 voluntatem,
1112 612 1227 698 cujus

221 725 266 799 in
293 722 567 813 controversiis
595 722 781 822 frequens
807 719 981 821 quaestio
1008 702 1096 794 ests
1115 720 1228 820 qnod

176 858 349 937 tagenus
371 840 502 913 chriae
526 838 655 913 videri
680 836 814 937 potest.
872 840 976 909 Nam
1001 838 1111 913 loros
1137 840 1228 936 qui·

223 953 336 1042 dem,
371 957 506 1053 quales
530 953 622 1029 sunt
644 954 693 1028 de
717 951 896 1038 testibuS‚
927 945 1136 1061 semperne
1169 952 1226 1026 lais

222 1071 479 1143 credendum?
525 1086 563 1143 et
593 1069 642 1142 de
674 1069 933 1165 argumentis,
971 1095 1022 1140 uu
1048 1064 1225 1141 lurlrerula

221 1188 338 1259 etium
363 1190 504 1280 paruis
521 1183 655 1291 fides?
694 1185 792 1259 adeo
817 1180 1079 1256 raranifestum'
1100 1181 1153 1256 est
1175 1181 1231 1256 ad·

221 1297 395 1375 forenses
419 1303 590 1376 actiones
617 1302 834 1399 pertinere,
872 1313 918 1371 ut
941 1297 1124 1394 quidam,
1151 1323 1223 1370 nee

221 1414 417 1514 ignobiles
448 1418 491 1488 in
526 1415 662 1490 ollieiis
697 1415 902 1502 civilibus,
945 1411 1107 1510 scriptos
1144 1439 1224 1500 θος,

220 1532 517 1627 memoriaeque
560 1528 845 1627 diligentillrme
898 1528 1121 1612 muudatos,
1180 1530 1222 1602 in

221 1661 385 1743 promtu
405 1646 636 1731 habuerint,
673 1661 735 1729 ut,
771 1645 927 1742 quoties
951 1641 1041 1716 ellet
1061 1642 1223 1732 occasio,

221 1760 502 1856 extemporales
526 1786 666 1833 eorum
693 1748 886 1834 dictiones
911 1759 972 1832 his
1002 1760 1114 1831 velut
1140 1784 1224 1831 em·

174 1873 400 1950 zobtemaris
417 1893 710 1949 exornarentur.
772 1880 862 1976 Quo
878 1873 1042 1972 quidem
1065 1876 1221 1973 (neque

220 1991 329 2062 enirn
345 1995 427 2079 ejus
447 1993 505 2064 rei
520 1992 716 2081 judicium
733 1988 892 2063 dillerre
908 1987 1101 2077 sustineo)
1116 1987 1221 2065 sum·

217 2130 324 2178 mam
342 2105 581 2181 videbantur
599 2107 700 2180 mihi
717 2104 984 2178 infirmitatem
1006 2104 1054 2177 de
1073 2102 1112 2176 se
1127 2128 1220 2177 ron-

115 2276 126 2317 .-·
218 2215 330 2294 fiteri.
391 2224 497 2294 Nam
511 2221 612 2319 quid
625 2223 667 2293 hi
684 2221 821 2320 pollint
839 2222 880 2293 in
896 2218 1028 2307 cauliS,
1049 2243 1220 2317 quarum

74 2318 80 2327 ⁶
216 2336 325 2407 varia
347 2360 508 2409 aenove
526 2334 678 2435 semper
694 2335 747 2408 est
766 2334 901 2422 facies,
929 2335 1139 2434 proprium
1160 2336 1220 2408 in·

216 2449 382 2521 venire?
412 2450 618 2547 quomodo
640 2448 844 2550 propositis
866 2476 912 2522 ex
937 2466 1045 2548 parte
1066 2447 1219 2523 diversa

192 2559 478 2661 ¹respondere?
520 2567 834 2639 altercationibus
860 2567 1051 2638 velociter
1079 2590 1218 2639 occur·

215 2681 329 2751 rere?
360 2678 494 2752 testem
519 2685 682 2781 rogare?
710 2682 781 2778 qai
809 2681 926 2754 etiam
949 2682 992 2752 in
1018 2681 1087 2765 iis,'
1116 2703 1215 2777 quae

213 2790 305 2866 sunt
322 2799 568 2883 communia,
598 2811 637 2869 et
654 2799 698 2869 in
715 2796 899 2894 plurimis
919 2792 1216 2879 caulistractan·

213 2923 298 2996 tur,
316 2908 594 3006 vulgatissimos
610 2908 741 2986 sensus
755 2911 898 2994 verbis,
917 2908 989 2983 nili
1005 2924 1113 2983 tamo
1128 2925 1217 2982 ante

167 3026 467 3123 29praepuratis‚
495 3025 682 3126 prosequi
703 3041 910 3124 nequeant
970 3021 1133 3098 Neeell'e
1151 3022 1216 3113 est,

275 3219 384 3296 Neceffe
406 3218 453 3295 est.
497 3221 590 3276 Guels.
611 3228 640 3276 et
660 3223 755 3277 Turio.
775 3223 830 3276 Nec
847 3241 925 3281 vero,
947 3220 1023 3293 quod
1048 3217 1215 3292 quibusdam

210 3319 349 3380 praeterea
367 3305 455 3359 codd.
472 3307 611 3360 firmatum
627 3308 732 3379 recepit
749 3307 835 3367 Obr..
857 3306 945 3365 nullo,
966 3319 1103 3377 quautam
1121 3305 1214 3363 video,

248 3494 333 3548 genus
348 3475 444 3528 clusae.
466 3476 576 3549 Nempe
584 3477 690 3531 activae
730 3474 798 3528 vide
812 3474 840 3530 6,
854 3483 882 3544 4.
903 3471 1016 3526 Tacitus
1031 3471 1132 3524 tttttor.
1142 3481 1171 3541 4,
1186 3484 1213 3532 7·

209 3556 245 3611 cs.
266 3586 288 3616 ι,
306 3577 334 3631 9,
349 3570 377 3628 4.
397 3572 426 3624 5.
732 3573 824 3611 narrat
846 3559 874 3609 in
898 3559 989 3609 [erratu
1014 3574 1082 3627 „per
1102 3557 1215 3609 ulterra-

252 3663 297 3694 nec
327 3643 466 3712 ignobiles.
518 3641 691 3711 Hujusmorli
732 3647 849 3703 „tionem
865 3640 1089 3693 adeuntiuuaset
1107 3640 1213 3691 inlesi„

208 3723 586 3785 suitllortenliuses.2,1,
607 3744 653 3777 11.
732 3729 884 3785 „orationes
905 3739 1053 3797 provectas
1078 3726 1158 3776 ell'e.“
1185 3734 1214 3775 et

252 3809 388 3863 dictiones.
410 3809 445 3862 cs.
463 3825 489 3869 2,
511 3825 538 3868 2,
556 3808 584 3862 6.
732 3811 833 3863 Livius
858 3820 892 3875 8,
918 3820 965 3873 53,
998 3828 1032 3860 ιο
1058 3826 1134 3867 „rum
1158 3822 1214 3859 um

251 3892 370 3966 differre.
390 3895 464 3948 Cum
478 3894 591 3967 proprie
604 3891 691 3963 hujus
734 3911 897 3965 „perpetuas
919 3896 1054 3945 orationes
1076 3911 1159 3962 quam
1176 3890 1216 3945 al·

209 3977 336 4029 noudum
354 3980 385 4030 stt
400 3976 458 4030 loci
473 3978 524 4030 tale
543 3978 690 4050 judicium.
734 3982 923 4038 „renationem
945 3976 1132 4028 exnrrrliram.u

210 4059 246 4115 es·
263 4060 288 4129 §-
304 4074 342 4128 52
360 4067 482 4134 erugari.
777 4064 886 4137 lsrrrffl
908 4088 941 4101 -
959 4077 1121 4114 routerarur.
1162 4061 1216 4113 Lo·

251 4146 477 4204 nummatum.
522 4144 622 4222 Quales
638 4147 692 4202 fiat
734 4163 782 4202 cus
803 4143 1033 4225 elegantissimas,
1061 4144 1106 4202 sed
1127 4142 1218 4201 diffin-
