2596 4710
339 291 460 363 1Nsr.
486 294 694 364 onnron.
721 258 812 361 mn.
838 294 891 379 11,
922 314 978 365 ω.
1085 302 1157 380 ³25

152 505 289 584 quam,
311 496 358 555 ut
371 480 525 581 aliquid
539 480 686 581 grande
699 482 896 570 inveniat,
918 483 990 582 qui
1004 479 1157 584 semper
1215 488 1218 493 ’

152 599 308 699 quaerit
323 596 435 696 quod
452 598 624 671 nimium
642 594 716 670 est:
746 623 889 672 verum
906 613 945 670 et
958 622 1047 673 raro
1065 624 1157 673 eve·

151 715 230 800 nit,
261 727 301 785 et
326 727 431 817 certa,
448 713 543 785 vitia
571 738 652 786 non
677 711 820 810 pensat.
889 716 1054 812 Propter
1074 714 1180 790 hoc⁶
1225 768 1230 783 ,

151 853 315 928 quoque
347 826 554 902 ‘interdum
586 826 777 902 videntur
811 825 966 902 indocti
995 830 1153 928 copiam
1221 860 1225 871 ·

149 942 294 1021 habere
311 948 520 1035 mojorem,
547 941 659 1041 quod
684 941 823 1017 dicunt
842 944 993 1017 omnia:
1025 942 1153 1021 doctis

150 1056 206 1133 est
228 1074 266 1132 et
283 1058 443 1151 electio,
474 1072 512 1131 et
532 1055 687 1132 modus.
746 1060 818 1131 His
844 1058 1010 1145 accedit,
1039 1058 1152 1157 qnod

149 1198 173 1247 a
195 1199 288 1247 cura
315 1172 489 1248 docendi
510 1172 621 1271 quod
646 1171 909 1261 intenderint,
946 1172 1148 1269 recedunt.

148 1292 285 1387 Itaque
314 1287 418 1362 illud
450 1285 726 1386 quaestionum
756 1303 795 1360 et
823 1305 1151 1386 argumentorum

149 1402 256 1504 apud
282 1419 467 1502 corrupta
494 1401 639 1496 iudicia
668 1401 793 1503 frigus
820 1405 989 1509 eritunt:
1027 1405 1151 1478 nihil·

147 1544 228 1618 que
250 1517 378 1606 aliud,
407 1542 527 1617 quam
545 1543 627 1618 quo
645 1519 711 1591 vel
727 1518 860 1619 pravis
878 1519 1150 1618 voluptatibus

109 1630 117 1643 ⁸
148 1659 259 1710 aures
303 1630 552 1707 affistentium
595 1634 885 1733 permulceant,
939 1650 1147 1732 quaerunt.

145 1749 368 1827 Sententiae
396 1772 559 1850 quoque
587 1746 712 1849 ipsae,
743 1773 840 1848 quas
863 1746 962 1825 solas
984 1762 1172 1851 petuma
1272 1792 1276 1800 -

1161 1908 1170 1933 θ
1249 1908 1258 1945 Ι

211 2015 282 2053 certa
301 1992 368 2054 erit.'
391 1997 437 2053 Sic
455 2014 519 2052 eum
540 1994 628 2053 Goth.
652 1997 735 2051 etiem
758 1993 851 2052 Guelf.
876 2009 903 2049 et
924 2010 995 2050 vett.
1010 1997 1069 2051 fere
1084 1995 1146 2052 edd.

146 2080 250 2158 quibus
273 2082 405 2136 accedunt
424 2081 529 2136 Terris.
545 2083 666 2140 veneta,
686 2083 782 2135 Locat.
800 2081 879 2135 Rufe.
895 2079 974 2134 nodl.
993 2081 1062 2136 cod.
1077 2096 1147 2137 certe

145 2187 188 2229 ee,
203 2186 259 2220 non
273 2168 383 2241 prorsus
399 2166 469 2219 male
486 2168 558 2242 inne:
582 2159 625 2220 ted
638 2163 737 2243 vulgo,
754 2164 812 2240 post
827 2167 934 2226 Bnrm..
948 2181 1019 2219 certe
1035 2185 1068 2218 ea
1081 2163 1147 2219 dere

144 2268 283 2311 narretur.
297 2252 371 2323 qnod
387 2270 443 2304 non
453 2252 489 2303 est
497 2249 570 2323 apud
579 2249 741 2303 Gibsounm.
764 2250 858 2304 Turio.
867 2252 1028 2304 eerteevitr'a
1036 2250 1145 2305 vitiose.

148 2336 257 2397 Cetera,
278 2334 354 2407 quod
368 2335 479 2391 videtur
495 2334 636 2405 conjecisse
653 2333 774 2410 Regino.
796 2353 829 2386 en
847 2335 878 2387 stt
898 2333 929 2386 in
944 2331 1050 2394 eund..
1069 2349 1144 2389 certo

143 2437 203 2475 non
219 2420 332 2474 dixeris.
359 2419 451 2475 Credo
468 2435 558 2472 umen
574 2418 733 2477 nonnullos,
748 2420 798 2491 qni
814 2417 942 2478 silentur,
967 2416 1056 2475 Codd.
1072 2419 1147 2473 tueri

145 2522 205 2559 eam
221 2505 399 2577 scripturum,
420 2523 489 2576 qnae
504 2502 617 2575 quidem
635 2522 691 2557 non
708 2502 846 2577 displicet:
877 2522 1033 2576 quenquam
1051 2502 1146 2567 video.

146 2586 271 2641 cavillari
292 2589 366 2662 poffe
386 2586 522 2660 aliquem,
544 2588 682 2659 quiahoc
703 2586 791 2661 ipsum
814 2602 920 2646 tamen,
942 2586 1019 2659 quod
1033 2585 1145 2661 pensare

145 2686 278 2749 negetur,
299 2692 355 2726 non
373 2675 405 2725 sit
423 2676 532 2735 vitiumg
555 2669 597 2724 [ed
615 2687 701 2729 cetera
716 2675 783 2729 vitia
797 2671 930 2724 dicuntur
946 2674 1036 2744 qnasi:
1059 2688 1146 2725 cetera

146 2754 251 2829 vitiosa.
276 2758 354 2812 Certa
369 2760 434 2810 vitia
445 2776 507 2809 eum
518 2757 637 2810 Gesnero
652 2752 790 2834 intelligat
804 2774 834 2809 ee
849 2772 997 2827 quaererto
1005 2754 1144 2816 evariant,

102 2879 105 2883 -
146 2858 210 2895 eum
226 2843 341 2915 grandia
357 2840 403 2895 ista
413 2840 521 2893 uouniii
535 2860 604 2899 raro,
620 2855 648 2893 et
662 2838 711 2908 (id
721 2839 795 2895 enim
812 2838 911 2893 addere
926 2840 1057 2916 cogitur)
1071 2835 1145 2914 casu,

147 2928 241 2979 Cetera
262 2941 288 2980 et
311 2941 381 2980 certa
401 2922 491 3001 vulgo
514 2938 722 2977 commutentur
737 2925 766 2976 in
782 2926 858 2978 MSS.
879 2924 939 2977 vid.
955 2921 1096 2978 Drakenb.
1110 2920 1146 2977 ed

143 3008 212 3065 Liv.
229 3020 284 3081 54,
301 3009 357 3076 36,
374 3019 402 3080 4.
448 3014 526 3063 Certa
541 3006 649 3081 primur
665 3009 809 3063 revocavit
824 3008 919 3066 Geso..
940 3007 1082 3081 postquem
1094 3010 1146 3063 Be·

143 3090 208 3153 dine
224 3096 279 3166 jem
297 3095 326 3147 in
345 3108 425 3147 textu
440 3092 568 3166 posuiffet
583 3108 685 3153 cetera,
705 3090 823 3145 alterum
837 3092 866 3144 in
882 3092 1015 3169 margine.

208 3180 324 3252 quovel.
368 3177 461 3232 Guett'.
485 3177 558 3251 quod
580 3180 614 3235 ii,
633 3195 691 3247 quo
715 3177 806 3234 sertin,
827 3175 954 3247 eqnidem
976 3193 1033 3229 non
1048 3173 1142 3229 video.

141 3262 221 3322 Voti.
239 3283 263 3317 ι.
278 3277 307 3315 et
323 3261 396 3316 nlm.
410 3260 483 3334 qnod
497 3261 539 3315 vel
548 3281 558 3322 ,-
580 3261 687 3325 (Turie.
703 3278 759 3312 non
772 3264 958 3327 memoratur)
974 3258 1036 3319 hoc,
1053 3261 1070 3311 fi
1086 3258 1144 3332 post

141 3349 305 3422 permulceat
322 3346 453 3401 scribatur
468 3362 520 3419 pro
536 3346 731 3417 pernrulceaut,
752 3342 942 3417 praetulerim.
972 3344 1085 3398 Gemini
1100 3341 1144 3397 isti

141 3430 277 3492 ebletivi.
297 3450 359 3506 qno,
379 3433 471 3505 praeis
484 3428 684 3502 voluptatibus,
706 3448 764 3482 nou
781 3445 950 3507 magnopere
964 3426 1080 3503 placent.

124 3628 127 3637 '
186 3645 258 3685 certe
275 3633 352 3684 er'tr'e.
378 3629 438 3683 vid.
455 3645 514 3682 not.
531 3630 600 3684 Crit.
665 3628 702 3682 est
728 3626 804 3700 quod
830 3623 925 3701 lepore
947 3625 1144 3705 et'rolnptate

188 3715 264 3786 repud
285 3743 325 3755 -
342 3712 445 3789 frigus.
488 3714 624 3766 Similiter
665 3729 753 3773 caret:
770 3710 867 3787 spinae
888 3712 985 3766 eodem
1008 3713 1081 3768 sensu
1102 3712 1145 3767 di·

141 3808 173 3873 4,
190 3812 248 3863 ,ω
268 3802 313 3871 „fi
330 3829 369 3840 -
384 3799 548 3851 narrationis
565 3816 624 3872 gre·
666 3816 726 3853 cere
741 3812 856 3871 poterat,
871 3797 979 3871 opinor.
1003 3797 1057 3853 Sed
1072 3796 1150 3852 iltut-

126 3881 269 3964 ''nciiitati
284 3886 432 3954 conjuncta
449 3899 626 3959 argumento·
666 3882 777 3938 nonnisi
799 3885 931 3955 corruptir
958 3883 1065 3953 judit-iit
1087 3897 1146 3937 erat

131 3966 235 4049 'nrum
250 3968 411 4048 pugnacitas
427 3965 520 4043 feeerit,
534 3966 625 4021 ‹titnie
659 3968 755 4046 frigus
776 3968 805 4021 h.
820 3987 844 4022 e.
861 3968 896 4022 iis
920 3968 1074 4038 jndicibus,
1096 3967 1148 4040 qni

142 4051 281 4135 „diutius
303 4052 412 4107 dicendi
436 4052 626 4127 voluptatibus,
668 4068 808 4125 corruptae
832 4052 845 4122 (
857 4051 914 4106 vid.
938 4053 971 4105 ad
996 4068 1030 4113 2,
1051 4068 1085 4120 3,
1108 4059 1148 4127 9)

123 4138 267 4219 ¹petatio
275 4136 472 4216 refrigescenti
492 4138 630 4211 Frigidum
670 4136 844 4212 eloquentiae
864 4138 990 4193 urerent
1007 4140 1066 4213 ipsi.
