2596 4710
282 338 403 407 INST.
430 339 637 411 ouaTott
664 343 755 410 LIB.
778 342 815 426 1,
849 341 881 419 6,
1002 357 1074 425 153

71 518 127 597 fic
142 520 192 597 ab
208 548 278 613 eo,
301 525 413 625 quod
432 523 487 599 est
511 522 643 614 robur,
674 523 820 603 roboris
837 523 945 615 fieri,
973 553 1075 627 quo·

69 638 202 712 modo
216 640 264 713 ab
279 664 348 722 eo,
372 640 484 739 quod
499 639 553 713 est
571 642 694 730 miles,
716 643 832 729 limes,
861 641 1000 731 militis,
1029 641 1076 715 ti-

73 757 201 845 utt'tis3
236 753 378 850 judex,
413 758 579 844 vindex,
608 756 770 855 judicit,
807 758 993 849 vindam
1035 771 1075 830 et

72 893 178 965 quae
204 866 320 969 supra
347 877 424 963 jam
452 874 571 970 attigi.
649 872 783 975 Quid?
818 898 903 948 nou
927 869 1124 955 similes25

72 1008 244 1081 quoque
269 987 342 1080 (ut
369 985 573 1084 dicebam)
604 985 839 1085 positiones,
876 989 922 1076 in
957 987 1077 1084 longe

73 1095 249 1173 diversas
279 1099 423 1201 ligurus
450 1127 522 1201 pet·
551 1101 749 1199 obliquos¹
770 1099 877 1176 casus
904 1102 1077 1175 exeunt?

73 1217 420 1317 utoirg0,J1mo;
442 1209 578 1325 susus,
606 1210 734 1325 lusus3
763 1209 900 1329 cuspis,
922 1219 1079 1315 puppis,

77 1342 119 1401 et
148 1331 260 1403 mille
286 1334 389 1405 alia?
433 1359 525 1406 cum
552 1332 656 1406 illud
684 1334 802 1407 etiam
830 1331 994 1416 accidat,
1032 1345 1078 1404 ut

77 1443 274 1541 quaedam
298 1448 505 1544 pluraliter
531 1472 616 1523 nrm
643 1447 843 1535 dicuntum
884 1444 1079 1547 quaedam

81 1574 218 1633 contra
252 1558 443 1659 singulari
477 1587 666 1650 numero,
702 1561 895 1661 quaedam
925 1558 1077 1636 colibus

84 1688 256 1763 careant;
288 1677 482 1773 quaedam
509 1703 531 1749 a
557 1678 696 1775 primis
721 1676 845 1752 statim
870 1674 1078 1776 politioni-

83 1784 159 1865 bus
176 1804 257 1864 tota
275 1807 501 1880 mutentur,
523 1808 569 1866 ut
583 1794 746 1891 Jupiter.
808 1792 930 1897 Quod
947 1792 1128 1865 verbisne

87 1901 200 1978 etiam
227 1905 389 2011 accidit,
425 1921 472 1981 ut
492 1902 531 2013 s
526 1932 609 1996 ero,
638 1907 730 1996 tuli,
760 1913 874 1999 cujus
896 1907 1083 2007 praeteri-

90 2031 171 2093 tum
196 2018 439 2119 perfectum,
478 2037 517 2095 et
545 2024 713 2098 ulterius
745 2048 829 2098 non
864 2022 1080 2095 invenitur.

56 2132 173 2211 ttNec
195 2137 420 2233 plurimum
449 2134 587 2225 refert,
618 2139 730 2213 nulla
755 2138 870 2226 haec,
898 2162 947 2213 an
972 2159 1084 2235 prae·

92 2243 183 2323 duta
197 2248 284 2327 fistt.
342 2254 449 2326 Nam
467 2251 567 2352 quid
584 2256 793 2357 progenies
809 2254 987 2354 genitivo
1004 2248 1083 2325 fin-

10 2458 14 2519 ι’
149 2498 198 2534 nou
206 2478 309 2556 fimiles
325 2501 437 2556 qaoque.
482 2480 574 2537 Guell.
593 2502 657 2537 vero
664 2479 766 2559 fimiles
779 2482 866 2557 quod,
887 2500 951 2536 eum
969 2480 1043 2537 Vols.
1056 2499 1084 2535 ι.

97 2563 207 2618 “Rem
251 2565 388 2625 placeret.
410 2568 427 2618 st
445 2567 516 2640 quod
531 2567 596 2621 ellet
614 2581 677 2620 ante
686 2566 796 2641 similas.
919 2565 1001 2639 jero,
1022 2564 1085 2619 tuli·

10 2670 15 2727 ὅ
97 2642 177 2701 Guell.
194 2650 346 2722 tretilpoutt
362 2651 412 2703 tuli
424 2650 500 2725 fero.
647 2651 722 2704 nullu
737 2681 778 2693 -
795 2672 831 2705 un
846 2650 986 2724 praeduro.
1009 2646 1085 2701 Atio-

96 2728 190 2785 uiffima
209 2733 264 2788 ltoc
288 2736 350 2788 loco
367 2749 395 2787 et
411 2732 594 2788 molestiffima
612 2735 648 2789 est
666 2734 748 2812 Regii
764 2733 861 2812 agileis,
883 2735 957 2787 nullu
973 2732 1005 2785 de
1021 2750 1086 2785 cou-

96 2810 188 2883 iectura
211 2818 344 2873 mutantia
370 2818 400 2870 in
423 2820 530 2878 mollia,
552 2819 629 2890 quod
647 2816 707 2898 legi
722 2816 876 2875 in'Veneta
897 2831 990 2871 narrat
1005 2813 1082 2871 Gibl.

95 2896 218 2970 Equidem
235 2904 323 2958 oculis
339 2904 407 2956 meis
424 2902 515 2964 credo,
536 2901 601 2955 dare
615 2922 675 2957 cem
692 2922 756 2956 cum
774 2905 870 2957 ceteris
889 2903 972 2956 nullu.
1015 2902 1084 2957 Non

10 3006 13 3033 t
96 2979 188 3058 igitur,
209 2987 285 3060 quod
309 2989 347 3040 ait
368 2986 497 3041 Ernestue
520 2985 594 3043 Bibl.
618 2986 722 3041 Fabric.
749 2986 796 3042 lat.
822 2986 885 3044 Vol.
912 3002 939 3041 2.
964 3006 990 3059 p.
1013 2983 1084 3058 269,

96 3084 180 3124 omnet
196 3074 381 3125 correctiones
398 3072 482 3149 Regii
497 3074 602 3128 Veneta
617 3070 737 3144 recepit.
758 3071 835 3145 quod
849 3092 883 3125 ue
898 3073 928 3124 in
945 3070 1005 3124 aliia
1022 3067 1084 3142 qui·

15 3156 18 3163 '
93 3149 148 3207 dem
163 3153 228 3210 loeis
246 3156 438 3210 animadverti.
482 3158 573 3229 Quare
596 3170 650 3209 tam
667 3155 776 3209 inanem
800 3156 883 3233 uegit
899 3169 993 3207 notum
1010 3171 1085 3224 repe·

21 3248 24 3255 '
93 3236 163 3293 tierit
175 3242 289 3303 llum..
311 3242 361 3315 qui
376 3242 414 3296 sat
428 3239 531 3295 multat
547 3240 670 3315 ejusdem
685 3237 751 3295 eliac
767 3237 916 3315 suppteffit,
931 3236 1012 3312 plane
1027 3253 1087 3290 nou

88 3322 217 3398 utrequor.

88 3505 133 3547 ια.
160 3505 205 3560 13.
258 3494 302 3547 Eo
336 3491 427 3570 igitur
455 3491 565 3566 respicit
606 3503 700 3545 carent
724 3488 810 3545 verbe
836 3488 1002 3563 quibusdem
1030 3486 1086 3543 for·
1140 3536 1147 3551 ,

77 3574 175 3653 supra.
607 3576 669 3635 mia,
691 3589 724 3628 ut
739 3577 806 3635 eati,
828 3578 907 3649 cujum
922 3573 993 3627 ultra
1010 3592 1084 3647 prae·

10 3682 17 3777 t
123 3658 303 3720 arducium,
323 3658 409 3715 modo
434 3660 458 3729 l.
477 3675 513 3713 12
537 3675 565 3714 et
607 3661 723 3714 teritum
732 3660 885 3733 perfectum
897 3657 1006 3713 nullum
1019 3673 1087 3713 tem·

83 3760 133 3816 ²5·
606 3764 659 3818 pua
686 3744 838 3799 iuvenitur.
895 3747 976 3813 Cujus
995 3743 1086 3821 igitur

124 3846 157 3885 ue
167 3828 249 3903 fero.
272 3829 338 3889 tuli.
359 3857 402 3872 -
423 3831 563 3907 infrenatur.
607 3829 641 3884 tul
656 3828 744 3884 [olum
760 3830 809 3884 tali
832 3830 946 3903 spectat,
969 3827 1004 3881 ad
1018 3827 1085 3903 fero

74 3916 204 3977 Videtur
231 3913 286 3966 hoe
315 3912 445 3987 exemplo
473 3912 565 3987 dupli·
605 3933 663 3966 uon
688 3915 767 3968 item.
807 3917 907 3970 Fateor
930 3928 1023 3967 temen
1043 3912 1086 3965 iu·

77 4020 144 4058 cem
165 3997 331 4053 momeliam
348 3996 466 4052 voluisse
482 3999 566 4050 ol'teu·
607 3998 658 4052 elle
681 3998 801 4071 aliquam
822 3996 977 4053 scabritiem
998 4010 1087 4049 extre·

76 4086 165 4143 clere,
185 4102 240 4156 que
263 4082 401 4137 utstatim
423 4098 566 4136 mutantur
608 4083 662 4137 ruit
683 4081 753 4139 illia:
775 4097 803 4137 et
823 4085 935 4137 ulterius
950 4100 1004 4137 non
1018 4082 1089 4135 iuva·

75 4167 231 4230 nexionem
252 4180 313 4223 ute
328 4166 393 4244 [σεο
406 4167 439 4224 lit
452 4166 518 4230 tuli,
539 4180 569 4223 ct
609 4171 690 4226 auur.
733 4165 818 4245 Quod
841 4166 928 4242 huju·
942 4162 1092 4226 tentantia«
