2596 4710
315 329 437 401 INST.
466 330 673 403 ORATOR
701 333 791 400 LIB.
808 330 890 415 1111,
918 350 952 418 7.
1059 345 1134 414 557

138 513 193 590 est
207 517 435 616 exemplum
446 512 625 595 deforme
639 517 802 618 posteris
818 514 1019 607 traditum,
1038 543 1135 615 qua·

136 761 248 821 tuere
274 744 390 821 ausus
415 746 565 823 dicitur
593 751 756 850 primus.
827 746 904 822 Sed
924 749 969 820 in
990 746 1179 819 vivon-22

135 861 243 935 tibus
266 886 429 962 quoque
454 862 600 955 judicia
621 864 855 951 hominum,
883 862 997 936 velut
1020 886 1134 961 argu·

133 973 571 1070 mentasunt‘morum
601 995 641 1053 et
657 979 787 1054 honos
811 992 878 1052 aut
901 976 1135 1076 ignominia,

132 1108 269 1165 veram
292 1088 364 1164 effe
385 1091 545 1169 laudem
567 1096 635 1169 vel
655 1095 1009 1193 vituperationem,
1039 1116 1133 1193 pro·

71 1198 75 1205 ’
132 1199 207 1280 bat.
280 1204 461 1282 hitereffe
487 1226 619 1284 tamen
641 1203 865 1284 Aristoteles
886 1222 1016 1307 putat,
1057 1206 1179 1281 ubiar

132 1319 313 1420 quidque
343 1322 551 1414 laudetur,
604 1339 672 1398 aut
699 1326 957 1421 vituperetur.
1023 1323 1132 1397 Nam

128 1437 357 1535 plurimum
378 1436 510 1529 refert,
540 1443 612 1539 qui
628 1436 702 1513 fint
720 1438 971 1513 audientium
987 1460 1130 1523 moreS,

129 1576 235 1650 quae
257 1552 419 1651 publice
444 1570 598 1655 recepta
623 1551 838 1655 persuafio.:
883 1567 930 1625 ut
951 1552 1020 1625 illa
1048 1575 1131 1624 ma·

132 1668 260 1755 xime,
294 1692 396 1766 quae
419 1670 608 1766 probant,
643 1666 717 1742 effe
739 1669 784 1740 in
807 1693 874 1755 eo,
904 1668 977 1763 qui
995 1665 1131 1740 lauda·

63 1816 67 1823 ·
131 1780 253 1870 bitur,
281 1783 439 1856 credant
446 1812 457 1875 3
487 1785 700 1873 antinoo,
730 1797 865 1856 contra
884 1806 1006 1880 quem
1026 1780 1132 1855 (lice-

128 1919 243 1982 mus,
279 1918 342 1981 ea,
380 1922 481 1995 quae
508 1896 690 1972 oderunt.
756 1901 811 1969 lta
842 1924 932 1972 non¹
958 1895 1131 1970 dubium

131 2010 208 2081 erit
236 2007 453 2099 judicium,
489 2011 602 2111 quod
627 2011 848 2084 orationem
876 2006 1129 2108 praecelserit.

126 2122 313 2222 Ipsorum
358 2126 476 2201 etiam
527 2121 799 2226 permiscendo
839 2124 925 2203 laus
976 2121 1177 2227 semper24

111 2440 117 2450 ·
192 2405 310 2463 libidinis
327 2410 369 2465 vir
390 2404 492 2485 Perses.
537 2405 630 2465 ouen.
658 2407 704 2465 tio.
736 2423 766 2463 ur
794 2407 826 2463 P.
864 2407 931 2462 item
955 2400 1027 2464 Iens.
1056 2406 1129 2477 (tae.

132 2490 234 2559 Geso.)
256 2510 320 2546 cum
342 2493 403 2549 edd.
426 2507 490 2548 rnre
505 2493 624 2548 Badium
644 2509 753 2566 praeter
766 2493 851 2547 Torv.
874 2490 953 2557 (vid.
979 2503 1037 2544 not.
1058 2492 1130 2546 Crit.

131 2574 166 2627 ad
181 2575 205 2642 ὦ.
224 2579 293 2643 ro.)
313 2589 342 2631 et
355 2576 420 2632 Aul.
464 2581 518 2631 Pro
531 2575 625 2652 Perses
639 2578 724 2631 Torv.
740 2575 788 2629 dut
806 2575 912 2651 preses,
934 2574 1010 2647 quod
1026 2574 1056 2625 in
1071 2576 1132 2647 qui·

132 2657 248 2712 busdam
269 2658 358 2717 Codri.
380 2676 451 2717 vert.
477 2662 502 2719 se
523 2660 657 2717 inveniffe
678 2662 789 2715 testatur
806 2656 916 2716 Caelius
939 2655 1061 2734 erorlig.
1084 2668 1130 2726 ¹8·

133 2751 181 2810 ¹8·
210 2762 237 2815 p.
261 2744 332 2815 996.
387 2744 526 2822 Intelligir
548 2758 641 2799 nutem
663 2745 789 2818 profecto
813 2745 941 2804 excusos.
970 2756 1130 2796 etinctum

130 2824 251 2898 sphalma
270 2839 350 2899 puto.
392 2828 487 2883 ruric.
501 2826 575 2883 Anu
589 2826 670 2883 Bodl.
694 2827 761 2881 dunt
782 2824 939 2900 libidinosus
952 2829 993 2881 vir
1010 2826 1041 2880 P.
1065 2845 1129 2879 cum

130 2908 192 2963 eald.
212 2908 298 2962 Andr.
313 2911 397 2964 Turn.
412 2908 477 2965 ΔΜ.
685 2911 805 2965 oderunt.
848 2912 888 2962 lta
901 2909 992 2965 Guelf.
1011 2910 1127 2966 etVoff.

133 3012 159 3046 r.
176 3008 204 3046 n.
227 3011 292 3046 cum
315 2991 378 3047 edd.
401 3008 464 3049 aute
478 2993 589 3068 Gryph.
612 2994 661 3067 qui
682 3008 774 3047 tamen
790 3012 840 3068 por
860 2990 979 3066 sphalma
1002 2992 1048 3045 dat
1068 2994 1128 3047 oba-

130 3081 191 3132 rint.
236 3077 329 3133 Ceteri
343 3077 464 3140 oderint,
485 3079 577 3132 minue
593 3079 725 3134 eonciune
745 3078 779 3130 ud
800 3074 964 3151 ..probant,“
985 3076 1035 3129 nisr
1050 3077 1128 3149 quod

128 3180 181 3239 pro
198 3180 230 3217 eo
244 3163 436 3235 quoqueVoss.
452 3177 480 3229 3.
496 3162 615 3235 praefert
630 3163 750 3238 probent.
774 3160 859 3217 Goth.
873 3159 977 3213 recedit
990 3161 1088 3218 uVoff.
1098 3174 1126 3213 2.

193 3244 316 3322 Ipsorum
332 3250 420 3300 eriam.
464 3246 510 3301 Sic
525 3246 614 3302 Codd.
629 3249 685 3301 rnei
700 3261 755 3300 tres
768 3260 797 3301 et
809 3244 870 3301 edo.
886 3259 949 3298 unte
963 3245 1029 3299 Bod.
1052 3241 1126 3317 (qni
1245 3240 1248 3247 '

128 3329 164 3385 de
179 3332 334 3402 conjectura
352 3330 467 3387 inseruit
479 3331 621 3405 judicum)
642 3349 746 3393 omnes,
768 3348 825 3404 quo
841 3328 946 3385 accedit
961 3326 1024 3383 AM.
1040 3328 1128 3382 ultera

128 3429 158 3469 et
181 3415 251 3472 Obr.
273 3434 337 3470 cum
358 3417 439 3473 Geso.
487 3417 514 3470 A
536 3415 610 3472 Vols.
631 3415 721 3471 tribus
739 3415 860 3484 judicum
882 3410 969 3469 obeffo
989 3428 1127 3475 narratur.

129 3517 218 3572 neque
238 3500 337 3555 dubito
356 3502 428 3575 quin
448 3520 465 3556 a
484 3498 699 3575 reliquiarium
719 3498 807 3557 codd.
824 3498 872 3553 ersi
887 3510 977 3553 tacent
992 3498 1042 3571 qui
1063 3516 1126 3553 con·

129 3583 264 3639 tulerunt.

170 3819 213 3872 vir
238 3813 340 3892 Perses.
382 3815 466 3875 Nihil
495 3814 607 3873 aliunde
689 3812 828 3891 Ipsorum,
856 3812 930 3867 refer
944 3811 978 3866 ad
999 3812 1029 3867 id
1047 3814 1125 3888 quod

128 3900 260 3979 proditur
275 3901 309 3954 de
324 3899 377 3958 huo
390 3902 510 3957 historin.
646 3899 821 3974 praecess'erat
836 3898 1057 3975 „arnhemium”
1079 3898 1126 3953 Est

171 3982 336 4059 Aristoteles.
367 3986 450 4043 Rhet.
470 4007 495 4049 r.
512 4005 541 4062 9,
555 4000 604 4055 30.
645 3982 742 4041 limiti·
763 3981 835 4037 ratio
857 3983 916 4057 ejus
945 4000 1029 4057 quarn
1051 3982 1124 4036 vicli·

128 4086 158 4143 p.
173 4067 257 4122 Buhl.
278 4078 345 4141 ¹⁰4·
373 4072 406 4127 ir.
423 4086 458 4141 3,
481 4081 530 4146 14,
557 4090 604 4127 rr.
646 4085 709 4122 mus
731 4087 761 4129 r,
783 4085 819 4141 9,
841 4078 877 4135 5,
897 4067 1040 4141 nisiquod
1057 4066 1125 4119 hoec

127 4170 156 4232 p.
173 4152 256 4211 nuti.
272 4153 342 4223 376.
645 4152 734 4211 nultra
754 4152 837 4213 etiem
854 4151 985 4231 rpertior.
1022 4150 1123 4206 Aristo
