2596 4710
472 320 810 395 PRAEFATIO.
1053 354 1150 403 xm

126 515 287 617 primus
304 508 476 610 explicit
490 500 756 607 (reliquorum
771 502 885 588 initia
899 510 982 589 sola
996 511 1150 618 signan-

127 666 194 727 tur
215 644 293 723 lic:
323 649 385 722 M.
401 648 442 719 F.
462 649 508 750 Q.
537 643 640 718 liber
652 647 697 719 II.
721 646 908 753 incipit),
935 651 980 724 in
999 652 1148 727 Gotha.

129 786 177 862 ni
193 808 296 858 vero
321 779 446 856 initio
469 777 561 855 lunt
580 778 697 855 haec:
739 784 798 857 M.
821 784 862 855 F.
889 788 935 888 Q.
961 782 1012 859 de
1037 784 1150 861 insti·

133 921 297 995 tutione
336 914 513 993 oratoria
554 912 606 989 ad
649 913 915 1014 Tryphonem
960 919 1145 1019 Epistola.
1264 1006 1273 1025 ί

143 1051 266 1154 Apud
291 1048 536 1127 Bandinium
560 1047 829 1124 Bibliothecae
862 1055 1147 1130 Laurentiano·

146 1192 195 1265 T.
212 1209 245 1259 r.
269 1211 306 1286 p.
321 1203 402 1273 581
420 1226 469 1239 -
484 1202 550 1272 85.
567 1184 751 1285 plerique
766 1181 895 1259 codd.
915 1185 961 1260 in
980 1183 1148 1261 subscri·

143 1323 279 1425 ptione
304 1319 526 1423 pluralem:
566 1311 833 1425 Institutiones
861 1318 956 1398 dare
983 1343 1147 1397 narran-

147 1472 218 1537 lut.

222 1734 273 1809 ιιι
293 1729 432 1808 libens
456 1745 497 1805 et
514 1720 770 1810 matrimonio
787 1731 1027 1840 Quintiliani
1044 1726 1167 1823 disti-Q
1210 1788 1214 1801 .

152 1868 269 1944 cultas
282 1865 479 1966 quaedam
496 1867 696 1962 objicitur,
719 1866 771 1943 de
787 1888 867 1973 qua
882 1870 948 1969 egi
969 1869 1019 1944 ad
1038 1889 1076 1958 5,
1110 1892 1149 1957 1,

153 2025 212 2078 21.
269 2000 428 2079 Addam
447 2000 514 2075 hic
535 2002 616 2079 loci
637 2002 771 2103 aliqua
785 1986 854 2080 'ibi
873 1999 1147 2105 praetermissa.

151 2139 247 2215 Non
267 2135 355 2213 lane
382 2161 488 2237 opus
509 2133 564 2210 eli
592 2152 640 2211 ut
663 2152 844 2214 mutetur
871 2162 1024 2213 nomen
1052 2114 1150 2231 ejus,

155 2274 220 2349 cui
242 2271 427 2373 inscripta
452 2268 508 2347 est
535 2270 657 2346 Plinii
682 2268 845 2371 epistola
869 2278 917 2361 6,
946 2291 1014 2360 52.
1054 2294 1150 2346 cum

151 2406 259 2485 facile
276 2408 389 2510 poffit
406 2407 580 2507 intelligi
601 2406 698 2481 alter
715 2408 1006 2513 Quintilianus,
1033 2431 1056 2480 a
1074 2432 1149 2483 no·

151 2542 227 2621 stro
259 2542 451 2647 scriptore
482 2541 601 2642 plane
634 2538 825 2617 diversus.
893 2546 981 2617 Hoc
1016 2556 1151 2615 tamen

151 2678 281 2755 adhuc
303 2694 441 2766 teneo,
479 2692 519 2750 et
536 2676 641 2750 vitae
661 2676 954 2779 Quintilianeae
980 2677 1152 2751 rationes

152 2814 303 2891 turbari
316 2810 527 2900 videntur,
563 2806 592 2884 fi
615 2810 752 2885 alteras
774 2813 936 2912 nuptias
961 2827 1001 2886 et
1026 2808 1155 2886 susce·

152 2964 263 3050 ptam
284 2972 333 3020 ex
354 2945 428 3024 isto
450 2946 706 3022 matrimonio
734 2942 858 3023 liliam
885 2944 1151 3047 agnoscamus.

154 3084 304 3183 Neque
324 3082 427 3157 enim
452 3097 533 3155 tam
560 3075 695 3168 facile,
737 3106 858 3180 quam
885 3078 930 3156 fit
956 3109 978 3157 a
1005 3083 1154 3169 Baelio,

159 3215 413 3306 crediderim,
442 3216 639 3302 Plinium,
668 3215 741 3289 ubi
764 3230 884 3292 tenue
900 3243 976 3317 pro
992 3213 1074 3290 suis
1096 3213 1155 3288 fa·

162 3353 367 3431 saltatibus
395 3375 546 3427 munus
575 3352 822 3451 praeceptori
852 3348 924 3424 suo
954 3344 1071 3425 offert
1092 3348 1155 3425 id·

171 3508 231 3585 tue
243 3484 527 3566 commendare
545 3482 693 3574 studet,
720 3478 891 3583 potuille
912 3508 1074 3560 onmem
1095 3484 1156 3560 di·

178 3616 341 3725 ltiplinae
364 3621 477 3696 illius
506 3622 752 3697 mentionem
780 3620 972 3695 omittere.
1041 3626 1158 3728 ¹Quae

180 3750 219 3828 tle
238 3758 392 3836 divitiis
419 3755 589 3831 rhetoris
612 3752 739 3831 nostri
761 3752 1012 3855 disputantur
1036 3757 1085 3831 ad
1109 3741 1160 3832 il·

179 3886 248 3967 lum
264 3896 424 3981 locum,
452 3917 517 3981 ea,
544 3889 690 3979 fateor,
719 3889 818 3966 adeo
838 3906 924 3967 tuta
946 3917 1030 3968 non
1054 3890 1159 3984 lunt,

180 4030 487 4133 quamprimum
508 4022 755 4104 videbamur.
812 4022 1023 4127 Postquam
1049 4030 1158 4103 enim
