2596 4710
308 306 438 377 INST..
457 307 665 379 ORATOR.
700 307 951 392 Lm.111,1.
1015 382 1020 391 ,
1055 319 1130 394 425
1234 307 1244 373 ’.

128 520 206 571 nus
219 494 354 570 Artem
369 511 408 570 et
424 463 763 598 iple'ccmposuia
791 512 830 570 et
847 520 925 597 pro
941 493 979 570 se
996 492 1131 572 dixille

129 772 188 809 non
204 755 328 808 invitum
346 753 433 811 cerlet.
463 756 493 810 Si
508 757 581 810 enirn
597 754 612 825 (
618 755 647 811 id
660 756 736 829 quod
751 771 863 831 apparet
875 772 911 810 ex
926 755 1030 824 codd.)
1044 752 1134 831 Quina

131 837 245 895 titianus
263 840 318 913 ipse
336 841 471 901 Elcetten,
490 861 548 897 non
563 843 683 902 Eleaten,
704 843 821 917 agnovit
836 840 1064 903 Alcidamantem,
1081 843 1130 915 qui

130 924 242 978 tandem
265 925 326 977 steri
352 923 461 999 potnit,
484 941 516 980 nt
531 925 606 980 hunc
623 926 795 1000 potillrmum
811 926 840 978 in
857 925 998 981 Palamede
1013 927 1132 982 Eleatico

128 1009 312 1087 fignificatum
329 1009 452 1062 crederet
466 1029 481 1061 a
495 1008 630 1065 Platone?
670 1006 732 1067 Nili
753 1010 827 1063 forte
849 1008 943 1064 locum
958 1010 1131 1065 Platonicum

129 1094 220 1167 ipsum
241 1092 321 1146 aliter
343 1093 389 1146 vel
410 1094 502 1172 legiffc
516 1093 563 1148 vel
578 1093 742 1151 intellexille
758 1093 793 1148 est
806 1093 963 1169 putandus,
984 1110 1018 1151 ιιι
1032 1088 1134 1151 ’-Ελιιιι
1201 1116 1206 1129 ’

129 1171 205 1233 rania
227 1176 292 1232 Παλ
294 1169 393 1246 anilia
416 1178 485 1231 ibi
477 1180 634 1241 inveniret,
664 1198 721 1234 non
744 1172 909 1235 Ἐλιαιιιὸι.
952 1178 1005 1234 Sed
1028 1178 1082 1233 hoc
1098 1197 1133 1232 ιιι
1219 1234 1226 1245 ,

130 1261 246 1337 [peciem
268 1262 381 1335 quidem
403 1261 483 1316 habet
500 1262 593 1317 ullam.
635 1260 797 1324 Nimirum.
820 1279 931 1338 accepto
945 1283 995 1338 per
1009 1281 1131 1317 errorem

131 1346 241 1405 Eleate,
262 1365 315 1421 pro
340 1347 461 1407 treme,
482 1345 599 1420 aliquit,
618 1350 685 1421 qni.
706 1348 841 1403 Platonici
862 1346 917 1402 loci
937 1346 1055 1421 pulchre
1076 1364 1133 1401 me·

130 1448 211 1491 mor,
230 1445 357 1485 tractaret
384 1430 515 1486 Codicem
538 1430 706 1505 Quintiliani
727 1433 890 1505 antiquum,
909 1430 1007 1486 allerit
1023 1431 1134 1487 tonan·

130 1515 253 1593 margini
274 1514 498 1593 fignificationer'n
518 1513 575 1570 loci
594 1516 670 1571 istius
693 1516 728 1571 cl.
750 1532 810 1570 not.
832 1536 911 1595 exeg.
961 1515 1132 1570 Palamedem

130 1598 263 1660 Eleatem
304 1600 436 1675 proprio,
475 1618 533 1654 non
566 1600 703 1680 figurato.
734 1600 864 1663 nomine,
899 1600 1026 1658 inveniar
1060 1596 1143 1677 apcd'

130 1682 255 1738 Sciriam.

128 1903 198 1939 carn
222 1897 251 1939 et
272 1882 372 1959 ipsein
387 1882 499 1963 dialogo
514 1901 617 1962 cogno·
657 1879 758 1962 γρᾶφιι
776 1884 805 1941 lr.
823 1904 848 1941 ι.
864 1885 914 1959 qui
936 1885 1100 1960 conscriptas
1121 1901 1136 1937 r

133 1969 206 2023 mini
237 1966 379 2022 miralriler
420 1968 479 2024 [aar
509 1984 618 2022 enarret
656 1972 682 2023 le
696 1970 833 2024 orationes
846 1969 988 2042 judiciale·
1003 1968 1137 2022 venderet

134 2048 288 2109 tententiae.
332 2052 426 2111 Velim
446 2070 559 2126 qnoque
576 2050 617 2106 di·
656 2051 853 2131 litigatoribus,
871 2052 946 2127 qnod
962 2067 1054 2105 narrat
1071 2055 1137 2106 Arn-

133 2138 221 2199 lcere,
256 2157 313 2211 quo
336 2151 449 2191 anctore
473 2138 616 2214 Diogenen
657 2137 766 2192 mianua
782 2136 905 2192 Marcell.
921 2151 970 2204 30.
985 2147 1013 2209 4.
1028 2157 1056 2210 p.
1070 2136 1134 2209 Bip.

102 2254 107 2263 ·
133 2220 190 2279 hoe
209 2238 304 2277 narret
324 2223 359 2277 ‹le
381 2214 495 2277 Zcrlone
511 2221 615 2294 potius.
658 2237 728 2276 221.
770 2221 934 2299 Magistrum
947 2221 1030 2275 etium
1045 2219 1137 2275 rlrcto·

134 2324 218 2379 qtram
248 2305 426 2365 Parmenide.
462 2303 616 2360 Palamedit
656 2306 726 2360 rices
747 2306 857 2380 prodit,
885 2308 960 2360 inter
984 2304 1069 2366 alim,
1090 2307 1137 2359 So·

135 2391 249 2446 nomine
261 2390 405 2467 appellato.
435 2390 616 2464 Potcratiplr
658 2407 743 2445 crater
767 2391 839 2467 apud
858 2389 1001 2445 Platonem
1024 2391 1054 2444 in
1078 2391 1138 2444 Me·

134 2474 284 2530 illiteratio
305 2475 417 2531 suadere
440 2473 511 2529 hanc
533 2474 617 2529 detro-
657 2493 766 2531 nexeno
788 2473 838 2530 ubi
860 2478 919 2547 einr
936 2475 1138 2529 institutionem

134 2560 317 2615 minationem
338 2560 368 2613 in
384 2559 561 2619 Parmenide.
582 2558 617 2612 tle
657 2560 812 2634 vilipendit
822 2579 888 2635 prae
902 2562 1065 2635 Alpaliacp.
1076 2554 1137 2625 236

134 2662 193 2717 qno
210 2659 237 2697 et
247 2644 452 2701 Tredenrannrn
467 2644 570 2719 cogitat
587 2642 617 2695 in
658 2646 692 2699 A.
715 2645 778 2719 Bip.
795 2643 858 2699 vol.
875 2657 904 2711 5.
921 2666 985 2719 p.
969 2655 1038 2707 277.
1069 2643 1138 2712 Bina

134 2730 318 2806 Argumenta
334 2727 482 2781 Platonrcn
498 2747 526 2801 p
545 2736 615 2795 378.
658 2733 755 2783 Arreni
772 2702 921 2784 oratoriam
937 2726 1027 2782 tribur
1044 2725 1143 2781 consti·

135 2814 265 2865 Attamen
290 2812 366 2865 facile
389 2804 498 2865 crcdam
513 2811 591 2887 Diog
574 2829 618 2863 ‹re-
659 2812 717 2866 til'se
732 2811 809 2867 libria
825 2833 840 2866 e
855 2813 1045 2867 Grammatico
1055 2812 1140 2870 MSt..

134 2896 182 2957 ni:
206 2896 381 2968 Quintiliano
396 2914 454 2948 non
469 2895 547 2956 item,
567 2894 618 2967 qni
658 2897 688 2949 in
711 2894 884 2951 Bibliotheca
909 2895 1140 2975 Sangcrmanenli.

136 2980 210 3037 unde
231 2982 372 3036 resciverit
395 2979 449 3033 hoc
467 2977 544 3052 quod
560 2992 617 3031 tam
659 2980 734 3034 emit
756 2984 853 3035 Petnrr
875 3001 930 3034 van
952 2986 1056 3055 Spano,
1077 2977 1141 3031 arlo·

135 3064 249 3119 fortiter
268 3065 414 3124 tllcrerat,
433 3062 562 3118 nondum
577 3062 618 3115 in·
659 3062 760 3118 lelccrrr
782 3064 896 3118 sedecim
920 3081 1074 3123 annorum.
1097 3060 1140 3116 secl

136 3149 232 3204 renio.
286 3149 333 3202 Sin
363 3149 420 3223 ipsc
447 3146 483 3202 est
504 3147 622 3221 expisca-
661 3147 862 3225 magiilrouirn
876 3144 1141 3217 etadjntorcllultn·

139 3247 202 3295 ιιιι,
228 3234 342 3288 erravit.
385 3237 431 3287 An
445 3244 538 3286 totum
551 3230 620 3285 hoo:
661 3229 755 3287 lenio.
807 3233 901 3303 llujrn
930 3231 1081 3287 differtatio
1107 3227 1142 3284 (le

140 3334 244 3391 ..quem
266 3346 308 3360 ·-
330 3315 467 3391 appelltc‘
491 3312 621 3395 gloll‘ema
662 3315 837 3390 Antiphontc
861 3316 897 3371 eli
918 3316 949 3370 in
973 3311 1142 3373 oratoribus

140 3400 176 3455 eli
190 3401 364 3479 exmargine
380 3398 545 3456 invectum?
561 3397 621 3455 vit.
663 3401 775 3455 Graecia
799 3399 954 3457 Reirkianir
977 3398 1041 3458 Vol.
1071 3413 1099 3465 7.
1126 3417 1142 3453 a

140 3500 201 3539 aot.
212 3485 285 3541 Crit.
307 3484 479 3540 Palanredcm
494 3481 622 3544 dicendo.
662 3503 690 3560 p.
722 3497 792 3557 795·
820 3485 988 3546 „Neminem
1018 3500 1142 3556 unquam

140 3572 276 3625 lammam
298 3567 375 3623 Plato
393 3568 556 3647 significavit
572 3566 622 3622 ho·
661 3566 799 3630 ‚‚rnelina“
815 3569 1018 3643 (Antiplronte)
1035 3567 1140 3628 ..ullam

140 3653 227 3708 trinit
248 3653 416 3715 versutiam.
439 3669 466 3708 et
479 3651 622 3728 stupendae
663 3653 799 3714 „orevilla
821 3654 919 3728 capitia
935 3655 1058 3714 caulam,
1077 3670 1142 3707 cnnr

139 3737 223 3813 plane
251 3737 416 3815 praestigiar-
460 3736 623 3797 Alcidamn.
663 3740 707 3799 „le
720 3738 776 3812 ipsc
790 3737 957 3799 defenderet,
971 3735 1144 3797 ferociente.

142 3821 225 3877 Elaee
248 3822 402 3883 οιὶιιιιιῐιιι,
426 3820 496 3876 urbe
512 3819 624 3876 Aeoliae
664 3821 807 3895 „locrrplea
828 3837 926 3877 auctor
949 3822 1051 3898 lcriplit
1068 3821 1146 3887 'l'ltrr-

143 3905 177 3962 ιὰ
194 3904 263 3961 litua
278 3907 362 3960 maris
379 3907 495 3983 Aegaei,
526 3905 626 3960 rhetor
666 3905 825 3980 „cydider.“
872 3906 964 3964 Verba
985 3909 1047 3962 lunt
1070 3906 1146 3962 Cice-

142 3990 293 4063 entiquur,
333 3990 467 4045 Cicerone
504 4004 627 4051 anctore.
666 3992 744 4046 mnia
761 3993 841 4045 Brut.
856 4009 879 4044 c.
894 4007 939 4053 ιι,
955 4010 1038 4063 quem
1052 3989 1146 4044 locum

144 4075 266 4155 Gorgiae
283 4073 453 4148 discipulas„
634 4082 638 4089 '
669 4075 708 4133 ob
721 4075 819 4129 oculor
834 4074 933 4131 lrabnir
946 4080 1073 4149 Qu.cmn
1086 4074 1150 4130 lcri·

186 4160 335 4237 Antiphon
357 4156 535 4214 Primutinit
550 4161 627 4229 λιγι·
669 4160 748 4217 beret
774 4160 830 4217 loa.
881 4158 1077 4238 Thucydideo,
1094 4160 1151 4234 iple
