2596 4710
336 267 460 339 INST.
487 268 695 341 ORATOR.
724 271 814 359 LIB.
841 272 894 358 ΙΙ,
923 292 979 361 ι7.
1084 290 1155 363 567

152 459 314 534 vitium.
373 457 481 532 Num
514 473 552 531 et
579 455 833 533 mendacium
861 456 1010 548 dicere,
1039 463 1158 537 etium

152 571 321 673 sapienti
338 572 552 672 aliquando
574 567 797 649 concellum
815 570 890 649 estz
924 590 963 649 et
984 570 1157 666 affectus,

155 686 184 762 st
214 689 327 761 aliter
356 687 407 762 ad
442 690 678 787 aequitatem
714 686 883 787 perduci
916 689 1038 785 judex
1072 716 1157 768 non

96 805 320 904 ,9⁶poterit,
349 800 558 879 necess'ario
580 802 759 878 movebit
777 818 918 879 orator.
977 808 1201 905 Imperitira
1236 842 1253 873 ι.

152 921 262 993 enim
274 917 470 1010 judicant,
485 934 523 993 et
540 920 612 1017 qui
626 915 856 1016 frequenter
872 919 916 996 in
933 917 1010 995 hoc
1026 918 1155 1020 ipsum

151 1032 319 1127 fallendi
341 1030 455 1122 lunt,
485 1058 538 1108 ne
563 1049 703 1133 errent.
763 1036 891 1123 Nam,
917 1031 946 1107 fi
971 1035 1074 1109 mihi
1100 1033 1156 1109 sa·

150 1151 311 1249 pientes:
331 1147 482 1242 judices
504 1147 667 1236 dentur,
694 1145 912 1248 sapientum
932 1153 1156 1241 conciones,

151 1279 272 1363 atque
297 1288 416 1340 omne
440 1266 674 1353 concilium
702 1264 807 1338 nihil
829 1263 984 1363 invidia
1010 1268 1156 1355 valeat,

150 1376 258 1455 nihil
276 1381 415 1477 gratia,
443 1379 548 1454 nihil
566 1380 706 1479 opinio
725 1376 963 1479 praesumta,
992 1377 1156 1480 fallique

143 1490 285 1578 ‚testest
314 1520 507 1593 perquam
521 1493 567 1568 fit
580 1495 747 1594 exiguus
764 1494 1014 1593 eloquentiae
1030 1497 1156 1585 locuss,

152 1624 194 1683 et
212 1632 338 1709 prope
355 1611 400 1695 in
416 1607 497 1685 solu
512 1608 771 1685 delectatione
786 1626 969 1709 ponetur.
1030 1613 1099 1685 Sin
1116 1597 1202 1699 etus
1239 1668 1243 1675 .

152 1721 403 1801 audientium
425 1725 594 1801 mobiles
616 1725 759 1813 animi,
789 1740 829 1799 et
856 1739 915 1800 tot
941 1726 1055 1801 mulie
1085 1726 1158 1802 ob-

151 1840 272 1916 noxia
293 1840 457 1944 ueritas:
487 1856 568 1915 arte
586 1838 856 1938 pugnandum¹
872 1838 946 1929 est3
987 1855 1027 1915 et
1046 1840 1158 1915 adhi-

151 1952 284 2029 benda
300 1980 401 2053 quae
420 1952 596 2052 prosunt.
652 1956 799 2052 Neque
814 1955 941 2042 enim,
966 1957 1037 2052 qui
1054 1970 1159 2030 recta

152 2069 221 2144 via
238 2067 425 2169 depulsus
436 2066 502 2157 est,
519 2066 658 2145 reduci
675 2066 725 2141 ad
737 2091 834 2156 eam,
851 2066 924 2140 nist
942 2070 1021 2161 alio
1040 2067 1156 2157 llexu,

152 2182 290 2285 potest.
347 2185 530 2271 Plurima,
544 2209 640 2259 vero
659 2207 707 2255 ex
724 2209 771 2257 eo
792 2198 926 2283 contre¹
946 2180 1203 2261 rhetor-toenio

153 2301 353 2375 cavillatio
381 2297 453 2387 est,
486 2298 598 2397 qnod
624 2323 671 2371 ex
696 2314 865 2397 utraque
887 2295 1020 2373 causae
1047 2316 1157 2399 parte

152 2413 317 2490 dicatur.
376 2413 473 2488 Inde
499 2415 613 2501 haec,
651 2413 821 2488 Nullum
847 2404 924 2524 effe
943 2430 1065 2487 artem
1078 2410 1158 2522 fibi

154 2533 408 2621 contrarz‘cmu·
444 2529 669 2604 rhetoricen
698 2525 771 2603 elle
799 2532 1035 2603 contrarium
1061 2529 1155 2605 fibi:

154 2645 299 2719 nullum
324 2661 447 2718 artem
472 2638 671 2748 destruere
694 2645 799 2742 quod
820 2637 1019 2753 effecerim
1059 2647 1157 2717 ucci-

154 2758 248 2835 dere
263 2760 341 2835 hoc
357 2760 570 2835 rhetorices
589 2752 720 2859 operi:
752 2758 861 2847 item,
877 2759 977 2847 ilat,
998 2761 1159 2833 dicenda

216 2977 363 3030 concilium.
405 2971 793 3050 Aln1.c0nfitnmcum1ens.
812 2973 826 3041 (
834 2989 883 3028 tac.
901 2976 997 3046 Gelu.)
1019 2989 1046 3028 et
1062 2973 1159 3049 pletis.

153 3078 210 3133 qne
234 3057 295 3115 edd.
320 3074 390 3114 vett.
416 3054 540 3114 'Millies
564 3057 774 3111 confunduntur
799 3057 865 3109 lucc
889 3057 946 3109 dno
969 3059 1103 3111 vocabula
1127 3060 1156 3111 in

153 3145 236 3199 MSS.
279 3145 427 3224 Egregium
443 3143 592 3197 decorum
609 3143 764 3196 diversitate
780 3142 997 3215 disputationem
1017 3141 1099 3196 habeo
1115 3146 1156 3199 lo.

153 3230 201 3282 Fr.
217 3229 358 3284 Gronovii
379 3228 412 3281 ad
433 3225 499 3281 Lir.
516 3238 572 3298 44,
592 3242 624 3285 2,
640 3239 667 3291 5.
687 3226 758 3278 unde
775 3237 888 3300 apparet
904 3226 988 3278 etium
1003 3225 1031 3278 h.
1046 3224 1083 3286 l..
1108 3225 1157 3280 nbi

154 3330 246 3385 neque
268 3315 373 3368 senatus
395 3331 483 3385 neque
504 3310 624 3364 militane
646 3309 813 3387 intelligitur
834 3307 993 3369 confilium,
1015 3309 1058 3363 led
1075 3328 1158 3370 ‚,con.

152 3411 276 3459 „ventus
298 3396 398 3472 populi
414 3397 565 3470 cujusque·
581 3394 731 3472 legendum
748 3394 815 3448 etse:
843 3395 990 3447 concilium.

218 3483 401 3554 pugnandum.
446 3479 530 3534 Goth.
554 3490 622 3546 (tac.
639 3480 733 3543 Geso.)
748 3477 935 3550 purgandum,
959 3477 1091 3541 ridicule,
1114 3481 1156 3534 scd

153 3563 237 3620 [olus.
404 3566 496 3641 Neque
517 3569 594 3618 enim.
635 3563 679 3618 stc
694 3562 786 3617 Gnell.
813 3561 897 3614 ceteri
918 3559 985 3615 libri
1008 3565 1063 3617 Nec
1078 3568 1155 3619 enim·

152 3648 189 3703 ef.
205 3663 264 3710 not.
281 3649 351 3705 Crit.
367 3649 401 3703 ad
418 3664 451 3708 2.
475 3648 510 3709 6.
532 3659 580 3720 24.
746 3646 811 3699 Inde
826 3647 898 3699 tuac.
943 3647 1027 3700 Goth.
1043 3661 1069 3700 et
1084 3651 1155 3707 Jenl.

151 3732 226 3804 (tac.
253 3735 355 3800 Gelu.)
379 3733 443 3786 Indo
464 3734 512 3787 hoc
534 3750 598 3786 cnm
621 3729 760 3804 plerisque
782 3744 850 3782 vett.
873 3727 934 3782 edd.
957 3746 1065 3805 praeter
1081 3730 1156 3794 ΑΜ..

152 3818 234 3873 male.
280 3819 412 3873 confuto
424 3819 554 3890 frequens
570 3816 629 3872 vid.
644 3813 785 3873 Drakenb.
803 3813 836 3868 ad
857 3813 924 3871 Liv.
940 3825 976 3882 5,
999 3827 1055 3894 54.
1081 3835 1106 3872 ι.
1130 3816 1158 3873 e't

153 3901 189 3956 nl.
205 3917 263 3957 not.
280 3903 350 3958 Crit.
365 3902 399 3955 ud
419 3923 443 3963 r,
463 3922 509 3962 ιι,
529 3915 575 3970 ¹3·

162 4098 166 4107 “
194 4089 359 4160 tutandae-ium
371 4116 413 4130 -
422 4086 551 4165 sapienti·
574 4087 608 4141 cl.
624 4086 718 4144 locum
735 4086 792 4144 Cic.
803 4083 917 4141 allatum
933 4083 968 4142 ed
983 4100 1011 4147 n,
1031 4097 1135 4155 1532.

738 4190 788 4250 ltb
808 4208 827 4248 2
