2596 4710
337 328 460 401 INST.
488 332 695 405 ORATOR.
721 333 813 403 LIB.
837 333 911 420 111,
942 335 975 403 6.
1083 349 1157 427 457

154 515 393 616 permittat)
461 516 549 593 Nisi
570 518 734 625 ‘aliquid
765 516 964 597 accusator
996 522 1159 625 respon·

153 627 254 718 deat,
283 632 395 707 nulla
416 631 466 708 lis
491 632 555 709 est.
615 636 716 711 Non
727 630 821 741 suit
838 638 855 731 (
865 637 1023 737 inquit)
1044 640 1155 714 adul-

151 758 233 817 ter:
272 770 366 845 ergo
395 743 574 849 depulsio
603 749 747 850 incipit
769 746 843 824 csse
873 754 1034 828 actoris:
1084 755 1153 829 ille

150 856 293 934 [iatum
315 860 441 936 saciet.
497 868 556 939 Ita
578 865 654 939 erit
676 862 841 964 quidem
862 864 980 941 status
1003 892 1050 941 ex
1071 870 1153 967 pri·

147 999 213 1049 ma
234 974 483 1076 depulsione,
511 974 580 1057 sed
595 1003 640 1053 ea
655 977 723 1054 siet
738 978 786 1054 ab
801 978 1039 1069 accusatore,
1067 1009 1152 1059 uon

147 1114 272 1165 areo.
357 1093 491 1197 Quid?
530 1093 643 1194 quod
664 1093 801 1168 eadem
827 1093 1003 1194 quaestio
1024 1096 1192 1196 potcst¹8

145 1205 322 1313 eundem
352 1208 419 1280 vel
451 1207 714 1285 accusatorem
745 1206 873 1284 facere
908 1212 974 1287 vel
1011 1237 1149 1289 reum:

112 1316 114 1323 ’
147 1320 230 1427 Qui
256 1337 380 1395 artem
406 1322 593 1397 ludicram
623 1329 854 1412 exercuerit,
897 1329 937 1398 iu
963 1343 1149 1424 qaectuor-
1195 1346 1200 1353 ·

143 1436 263 1511 decim
278 1441 414 1535 primis
430 1435 623 1513 ordinibus
637 1466 684 1512 uc
693 1431 847 1548 sedeat.
886 1442 957 1538 qui
978 1439 1017 1513 se
1035 1467 1147 1541 prae·

142 1554 222 1626 tori
249 1552 293 1627 iu
322 1553 450 1628 hortis
475 1551 713 1641 ostenderat,
742 1579 873 1654 neque
895 1571 978 1643 erat
995 1555 1147 1663 produ·

144 1796 194 1852 pro
208 1781 371 1837 emblemate
391 1783 475 1838 babet
491 1785 627 1841 Gesuetua
650 1781 808 1844 ,.hominit‚
832 1783 883 1856 qui
905 1785 1143 1841 continuationem

143 1881 187 1922 „et
202 1868 422 1938 consequentiam
442 1869 576 1921 orationis
592 1888 648 1920 uon
663 1866 860 1945 intelliget·et.“
902 1871 959 1941 Ipse
979 1869 1084 1948 igitur.
1107 1882 1142 1925 ex

144 1949 200 2015 ejus
215 1951 338 2010 ratione,
367 1969 431 2004 reus
449 1967 543 2004 mouet
563 1951 671 2027 „legem
686 1952 755 2004 esse“
771 1966 822 2004 cet.
846 1966 877 2004 ut
896 1953 1056 2007 infinitivus
1075 1973 1142 2027 pen.

141 2030 230 2085 deate
245 2034 347 2091 ‚.dicit“
367 2035 542 2106 quodmodo
558 2033 721 2107 pouebatur.
764 2033 815 2087 Sed
828 2033 942 2089 hoccine
960 2035 995 2089 de
1005 2035 1067 2114 lege
1081 2058 1142 2091 uar-

142 2117 213 2176 rari,
247 2117 348 2171 scilicet
367 2120 496 2196 ignotum
517 2116 674 2192 judicibus,
706 2115 860 2171 attinebat?
895 2118 930 2172 cs.
946 2134 974 2186 7.
1000 2138 1025 2180 1,
1048 2136 1066 2186 7
1090 2121 1140 2176 ubi

140 2199 235 2252 eadem
254 2200 362 2279 „legem
384 2202 436 2256 esse
457 2218 556 2256 certum
576 2200 640 2255 cst.“
680 2200 740 2254 vid.
762 2217 821 2256 uot.
845 2220 890 2255 ex.
1193 2276 1197 2281 Ι

201 2305 254 2338 acc.
270 2284 439 2360 respondeat.
483 2283 576 2341 Gnelt
589 2307 644 2361 acc.
660 2288 685 2339 ei
696 2283 848 2359 respondet.
893 2284 1079 2342 indicativum
1093 2288 1164 2342 lut-⁸

137 2366 205 2422 benc
221 2369 299 2423 ctiam
315 2368 389 2425 Alm.
406 2370 501 2426 Turio.
521 2373 604 2427 Betu.
619 2369 694 2431 Voss.
710 2384 738 2437 5.
763 2368 848 2427 Goth.

137 2557 245 2615 „sum.“
286 2558 384 2631 Neque
399 2557 473 2611 enim
495 2556 532 2610 esi
553 2578 616 2632 qua·
657 2556 726 2631 pulo
750 2557 945 2630 proditurum.
982 2557 1042 2618 sed,
1080 2561 1136 2612 five

137 2642 223 2695 litatis
241 2641 324 2696 status
344 2642 374 2694 in
396 2641 446 2695 hac
461 2640 551 2695 causa:
571 2644 615 2710 ju·
655 2641 846 2715 improbatum
869 2662 884 2693 a
908 2645 1049 2702 Praetura,
1078 2644 1136 2695 sive
1234 2635 1239 2641 ⁵

136 2746 197 2778 reue
223 2724 323 2800 occisus
341 2723 381 2800 fit
406 2724 529 2785 adulter,
568 2723 614 2779 sed
655 2727 715 2779 casu
730 2726 851 2798 quodam
868 2725 1053 2800 impediente,
1076 2744 1134 2778 non

135 2811 336 2878 conjecturalis:
357 2812 429 2862 Sitne
442 2810 574 2862 adulter?
653 2809 733 2863 fuisse
747 2829 762 2861 a
776 2809 1054 2884 popuiospectatumt
1069 2828 1135 2883 qua·

179 2897 263 2968 iuquit
287 2891 340 2946 scil.
356 2882 501 2964 accusator.
653 2911 684 2946 re
699 2894 793 2965 potuit
815 2896 845 2947 iu
864 2906 1130 2968 utramquepartem
1169 2916 1172 2921 ·

174 2976 374 3055 quatuordecim
402 3005 444 3016 —
471 2975 529 3028 ord.
560 2974 610 3047 qui
652 2975 804 3049 disputati,
830 2992 863 3031 ut
879 2976 925 3031 vel
940 2997 1131 3033 annumerare·

132 3061 195 3114 suut
210 3059 416 3136 equitumludot
431 3059 610 3133 spectantium
653 3074 699 3113 tur
715 3059 909 3120 lustriouibus,
932 3061 979 3114 vel
997 3062 1131 3116 eximere.

132 3164 168 3198 ex
191 3145 251 3223 lege
272 3144 368 3199 Roscia
393 3141 535 3202 theatrali,
575 3142 610 3195 da
651 3159 698 3197 tur
717 3163 814 3199 eorum
834 3164 961 3198 numero.
1004 3145 1071 3199 Adii
1087 3147 1130 3199 vi·

131 3247 186 3301 qua
213 3229 272 3282 vid.
302 3233 369 3282 Em.
397 3227 476 3284 Clav.
502 3228 559 3282 Cic.
582 3242 610 3280 et
651 3248 715 3282 tum
730 3228 919 3283 doetiffimum
929 3228 1061 3285 carolum
1073 3232 1129 3282 du·

131 3312 243 3368 Ruhult.
265 3312 297 3367 ad
315 3312 438 3373 Vell.2,
461 3326 509 3380 32.
554 3314 610 3385 Ap·
650 3312 760 3391 gustum
774 3313 976 3391 Boettigerum,
999 3328 1030 3367 ut
1046 3313 1129 3367 disca-

131 3413 208 3470 paret
227 3414 296 3469 quoa
318 3398 372 3450 hoc
393 3397 500 3453 honore
516 3395 608 3470 priva·
649 3416 726 3460 rem,
762 3418 799 3452 en
820 3399 967 3451 mauiscliis
996 3413 1126 3451 veterum

130 3483 167 3534 rit
186 3484 220 3536 L.
242 3481 321 3537 Otho
341 3483 454 3538 Rosciae
470 3482 527 3538 Cic.
545 3479 607 3533 Phi·
647 3481 864 3541 locitconssuet,
885 3481 1129 3559 periculumageu·

128 3566 251 3641 lippa,
276 3576 322 3634 ¹8·
344 3568 417 3621 inter
434 3584 505 3638 quoe
529 3577 606 3619 erant
648 3565 745 3621 darum
770 3566 926 3621 s'abularum
951 3568 1053 3620 sactum
1074 3567 1126 3620 else

129 3650 243 3724 insanus
268 3669 395 3724 quoquc:
426 3651 538 3723 infames
559 3669 606 3702 au·
648 3670 740 3705 coram
764 3636 981 3730 massistratibua,
1012 3650 1064 3722 qui
1082 3649 1124 3705 lu·

130 3749 203 3795 tem,
225 3740 335 3810 quinte.
351 3737 444 3789 ludier.
462 3756 549 3789 exerc.
647 3735 697 3791 dot
726 3750 861 3791 curarant.
917 3736 1056 3812 Negavit,
1088 3735 1123 3798 se,

171 3824 198 3872 iu
212 3821 296 3875 hortis
309 3850 350 3864 -
363 3821 519 3893 productus.
549 3822 606 3893 Ap·
646 3821 695 3893 qui
712 3820 764 3874 hoc
778 3819 876 3875 diserte
890 3819 1025 3880 traderet,
1047 3839 1124 3895 repe·

127 3920 205 3979 paret
220 3923 301 3965 eum.
327 3905 373 3961 cui
392 3903 604 3976 quatuordecim
646 3904 824 3967 tissaullum3
845 3905 1054 3977 nequemirum,
1072 3905 1125 3959 hoc

128 3987 275 4044 ordinibus
291 3987 338 4044 laic
349 3988 543 4049 interdicitur,
565 4008 606 4042 er·
646 3989 729 4045 semel
754 3988 865 4045 fortasse
886 4008 937 4044 nec
964 3990 1015 4045 uisi
1035 3987 1126 4044 obiter

129 4074 166 4128 tia
192 4072 350 4149 peticulum
372 4072 462 4127 secisse
482 4072 605 4146 quidem,
647 4074 801 4153 perstringi,
822 4092 937 4131 cumrca
954 4074 1055 4130 scenica
1069 4090 1127 4151 gn·

128 4175 259 4233 tauquam
274 4158 306 4213 iu
320 4159 425 4215 scenam
445 4176 537 4214 coram
557 4176 606 4234 po·
647 4157 776 4216 viotibtu
806 4159 881 4237 apud
903 4163 1045 4216 Romanoa
1069 4158 1126 4212 scri·
