2596 4710
190 352 234 397 aa
426 326 482 393 M.
506 325 608 394 FAB.
636 322 946 416 QUINTILIANI

184 512 405 615 sophorum
424 512 537 587 libris
562 513 835 596 continentur,
871 520 1001 582 tamen
1026 535 1072 583 ea
1095 514 1186 602 jure
1235 534 1241 539 ·

17 716 21 723 ¹
183 654 358 729 vereque
381 626 653 703 contenderim
674 623 747 699 esse
769 626 899 723 operis
918 620 1062 712 nostri,
1090 650 1187 722 pro-

54 806 58 813 .
136 747 349 845 12prieque
367 742 417 815 ad
432 758 555 816 artem
572 744 782 818 oratoriam
798 740 1006 839 pertinere.
1064 738 1186 827 An,si

180 855 484 965 frequentissime
505 852 553 930 de
570 855 725 947 justitia,
752 853 1001 941 fortitudine,
1032 869 1215 953 tempe-3

180 976 326 1061 rantia,
371 974 588 1070 ceterisque
616 969 806 1045 suuilibus
837 967 883 1042 stt
906 965 1189 1060 disserendum,

181 1105 222 1162 et
248 1087 368 1185 adeo,
399 1102 444 1161 ut
477 1087 546 1161 vix
567 1087 650 1162 ulla
667 1084 777 1185 possit
796 1082 907 1159 causa
928 1086 1113 1184 reperiri,
1140 1088 1195 1171 in·

181 1227 303 1303 quam
325 1227 409 1278 non
430 1203 562 1299 aliqua
582 1198 757 1298 quaestio
777 1225 825 1273 ex
841 1198 906 1274 liis
922 1199 1092 1287 incidat,
1121 1224 1193 1275 ea·-

180 1344 261 1418 que
284 1319 418 1393 onmia
450 1317 685 1391 inventione
706 1330 824 1413 atque
857 1314 1083 1390 elocutione
1110 1312 1191 1389 sint

181 1431 431 1533 explicanda:
472 1430 738 1518 dubitabitur,
776 1430 1009 1528 ubicunque
1035 1431 1096 1504 vis
1122 1432 1188 1505 in·

181 1548 290 1646 genii
319 1562 357 1619 et
382 1547 496 1646 copia
518 1544 683 1624 dicendi
706 1544 948 1644 postulatur,
978 1546 1037 1618 ibi
1056 1534 1197 1643 partes'

136 1694 173 1751 13
183 1663 349 1739 oratoris
366 1656 440 1735 esse
457 1661 710 1759 praecipuas?
740 1665 996 1758 Fueruntque
1013 1660 1121 1748 haec,
1138 1676 1187 1736 ut

180 1780 321 1855 Cicero
363 1773 590 1874 apertissime
628 1775 798 1873 colligit,
843 1774 1188 1872 quemadmodum

180 1898 313 1988 juncta
329 1907 489 1979 natura,
520 1889 570 1963 fic
585 1886 714 1965 officio
734 1915 897 1987 quoque
916 1890 1110 2025 copulata,
1137 1907 1187 1965 ut
1222 1972 1225 1979 ,

180 2006 305 2081 iidem
318 2002 507 2107 sapientes
541 2021 658 2103 atque
675 2004 906 2103 eloquentes
929 2004 1181 2080 haberentur.

181 2122 304 2197 Scidit
320 2117 513 2194 deindese
533 2118 722 2206 studium,
753 2121 1020 2217 atqueinerb'a
1034 2118 1187 2195 factum

174 2234 258 2322 est,
284 2252 331 2321 ut
346 2250 444 2311 artes
460 2231 533 2309 esse
551 2237 686 2333 plures
706 2233 950 2308 viderentur.
1008 2238 1116 2309 Nam
1136 2251 1185 2311 ut

179 2352 357 2451 primum
382 2352 517 2449 lingua
541 2346 613 2423 elle
641 2350 772 2448 coepit
792 2351 836 2421 in
858 2348 1042 2447 quaestu,
1069 2347 1183 2425 insti-

177 2481 392 2563 tutumque
413 2467 663 2565 eloquentiae
680 2465 798 2540 bonis
815 2466 916 2538 male
936 2468 1016 2555 uti,
1045 2492 1184 2543 curam

177 2604 363 2668 morum,
406 2582 479 2678 qui
515 2579 649 2653 diserti
687 2578 952 2671 habebantur,
1006 2583 1184 2681 relique.-

134 2710 285 2794 14runt.
345 2699 399 2769 Ea
414 2719 512 2777 vero
533 2692 736 2780 destituta,
759 2675 1047 2771 iirfirnrioiibus
1068 2698 1183 2797 inge-

176 2815 254 2888 niis
278 2812 390 2885 velut
409 2809 576 2908 praedae
602 2808 691 2883 fuit.
749 2809 847 2883 Inde
872 2811 1052 2907 quidam,
1084 2838 1183 2888 con·

177 2942 299 3000 tenuo
344 2926 445 2998 bene
482 2922 643 2998 dicendi
673 2925 831 3011 labore,
864 2925 914 2998 ad
948 2923 1181 3003 formandos

125 3086 128 3097 ·
177 3043 329 3116 animos
348 3039 647 3139 statuendasque
667 3041 770 3116 vitae
785 3041 889 3138 leges
908 3039 1070 3138 regressi,
1090 3028 1199 3141 par-‘⁵
1227 3050 1232 3069 “’

175 3173 256 3231 tent
276 3155 441 3256 quidem
465 3157 683 3255 potiorem,
713 3154 742 3229 st
768 3154 899 3229 dividi
914 3152 1056 3256 posset,
1085 3160 1181 3233 reti·

235 3374 262 3425 iu
278 3392 364 3446 quam.
409 3369 514 3432 Goth,
534 3389 608 3431 non,
630 3384 663 3425 ut
680 3370 759 3426 Gelu.
775 3369 832 3430 ait,
853 3390 938 3446 quaa,
955 3370 1003 3424 'sed
1020 3391 1088 3446 qua,
1110 3390 1179 3427 etun

172 3454 279 3527 aliquot
295 3455 357 3509 edd.
376 3473 494 3528 quarum
511 3442 549 3509 est
563 3471 591 3511 ot
606 3456 684 3510 Rusc.
703 3455 845 3530 postquam
861 3455 1087 3530 Locatelli1493
1104 3475 1180 3513 recto

173 3538 286 3592 dederat
301 3561 388 3613 quam.
585 3538 745 3594 viderentur.
789 3541 954 3594 dudit-entur.
997 3542 1070 3599 Cum
1089 3542 1178 3597 Goth.

170 3637 200 3677 et
225 3622 330 3694 Bodlej.
353 3623 435 3675 etiam
462 3622 554 3678 Guels.
578 3623 659 3677 male.
710 3627 743 3677 In
762 3623 862 3676 Aldina
887 3625 982 3698 priore
1009 3627 1093 3679 etiam
1115 3626 1179 3688 hoc,

173 3705 218 3762 sed
242 3707 272 3759 in
290 3706 421 3766 secunda,
441 3707 608 3767 viderentur,
631 3706 704 3761 undo
722 3723 815 3761 tamen
833 3707 970 3765 Gibsonus
987 3727 1037 3784 per
1052 3729 1178 3767 errorem

173 3791 253 3845 affert
263 3792 425 3860 judicentur.

217 3976 317 4032 Cicero·
367 3979 414 4033 Do
438 3978 559 4035 Oratore
583 3975 603 4032 l.
628 3990 655 4046 3.
733 3978 828 4030 inertia
860 3974 963 4047 sactum
980 4012 1019 4028 -
1036 3999 1067 4035 at
1094 4000 1178 4041 artos.

173 4077 197 4113 o.
217 4070 263 4129 25.
692 4054 828 4117 Consulto
851 4061 911 4118 saue
927 4060 991 4122 lufit
1007 4066 1038 4121 iu
1052 4066 1103 4123 heo
1117 4066 1179 4126 alli·

692 4158 840 4203 terauone.
