2596 4710
311 288 433 380 mer.
461 308 670 381 omuou
696 310 787 380 mu.
813 310 887 399 ιιι,
913 311 947 382 6.
1056 321 1131 404 479
1200 374 1206 387 .

129 497 305 600 quaestio
327 497 440 573 nulla
453 523 537 573 non
555 496 673 573 habet
688 500 829 600 utique
847 495 1007 575 statum:
1038 524 1134 574 con·

128 616 201 691 stat
225 617 334 689 euim
357 638 407 687 ex
429 615 672 703 intentione,
711 632 751 690 et
773 612 1024 716 depulfione:
1064 612 1142 703 sed

129 733 227 804 aliae
248 728 338 804 suut
356 731 542 829 propriae
572 728 793 820 causarum,
832 729 882 806 de
907 731 1053 831 quibus
1074 726 1134 803 fe·

127 846 251 922 reuda
274 843 464 918 sententia
490 843 564 918 est:
604 846 701 920 aliae
729 846 920 921 adductae
946 840 1134 918 extrinse-

128 985 216 1050 cus,
255 959 409 1060 aliquid
436 974 567 1034 tamen
591 958 643 1034 ad
665 959 860 1039 [uuunam
883 959 1016 1037 causae
1038 984 1134 1035 con·
1205 980 1233 999 ··

127 1074 316 1164 ferentes,
345 1075 459 1149 velut
478 1075 860 1174 auxiliaquaedam:
891 1102 973 1174 quo
995 1072 1057 1163 fit,
1087 1088 1135 1151 ut

126 1194 171 1267 in
202 1187 467 1266 coutroverfiu
495 1215 576 1263 una
605 1191 740 1287 plures
775 1189 1023 1288 quaestiones
1058 1186 1133 1263 effe

126 1306 321 1380 dicuntur.
393 1309 547 1378 Harum
575 1328 696 1403 porro
724 1306 963 1405 plerumque
993 1304 1176 1387 levissi·8·

126 1447 192 1499 ma
215 1444 397 1519 quaeque
418 1421 551 1519 primo
576 1420 669 1493 loco
693 1415 889 1519 fungitur.
944 1421 1135 1519 Namque

127 1553 168 1611 et
191 1535 295 1611 illud
320 1534 510 1634 frequens
538 1530 616 1621 est,
670 1549 717 1609 ut
745 1558 790 1607 ea
823 1534 971 1636 quibus
985 1536 1135 1610 -minus

128 1648 389 1739 confidimus,
432 1674 526 1725 eum
554 1648 715 1725 tractum
734 1646 846 1740 suut,
887 1642 1115 1729 omittamus
1122 1677 1135 1741 ;

128 1899 210 1958 Bodl.
225 1897 285 1955 nat.
300 1899 376 1955 Alm.
393 1899 489 1955 Turio.
505 1895 592 1954 Goth.
615 1897 796 1955 deducendum
811 1899 900 1971 (quod
915 1900 1036 1975 praefert
1049 1899 1137 1976 Obr.)
1171 1955 1174 1959 ,

129 2006 195 2041 cum
210 1982 313 2057 quibus
325 1982 402 2040 vou.
418 1997 446 2036 2.
471 1980 559 2035 faeere
581 1979 718 2042 arbitror,
747 1986 794 2037 etfi
815 1984 914 2037 Burni.
935 1985 1021 2037 refert
1043 2004 1084 2055 eu¹
1101 2004 1135 2040 eo

129 2070 280 2124 ducendum
294 2067 324 2118 iu
340 2084 397 2139 quo
414 2062 503 2120 verbo
518 2063 640 2139 sphalma
653 2064 786 2138 suspicor,
815 2085 878 2121 cum
893 2065 1000 2139 alioqui
1015 2088 1050 2121 ne
1063 2087 1136 2142 opus

128 2152 244 2227 quidem
257 2152 342 2203 suerit
359 2148 512 2227 meminiffe
530 2152 636 2202 [eortim
651 2150 710 2219 ejus
727 2149 855 2211 Codicis,
877 2153 926 2223 qut'
943 2166 1053 2224 poterat
1070 2172 1136 2207 curu

133 2258 145 2290 ι
164 2252 191 2290 et
206 2250 224 2303 5
241 2235 384 2311 conjungi.
414 2232 600 2306 'Cupperoum
623 2233 808 2287 recentiorum
829 2234 937 2309 primun
961 2236 1078 2291 nostram
1094 2254 1137 2291 te·

129 2321 235 2380 stituit,
262 2338 346 2392 quem
363 2318 448 2371 secuti
465 2316 697 2391 smuBipuutiui.
741 2315 807 2371 Sola
827 2337 894 2372 vera
918 2319 968 2379 est,
996 2339 1086 2394 neque
1109 2323 1137 2375 [ο

130 2403 306 2459 com111e1ulet
323 2402 372 2456 ulli
387 2403 499 2463 deduc„
528 2420 592 2455 cum
611 2402 690 2477 supra
711 2400 726 2471 (
733 2401 756 2469 u.
775 2407 812 2471 ι)
833 2403 935 2457 fuerit:
966 2404 1039 2458 undo
1054 2406 1136 2459 duca·

131 2505 192 2549 tur.
226 2506 283 2541 nou
307 2487 401 2541 deduc.
590 2486 693 2540 Harum
715 2506 805 2559 porro.
850 2486 935 2543 Goth.
959 2488 1032 2547 Jeus.
1062 2492 1136 2556 (tac.

132 2574 236 2645 Getn.)
268 2572 354 2625 Porro
368 2572 461 2623 harum
476 2586 541 2625 cum
554 2568 616 2623 edd.
632 2584 694 2622 aute
704 2569 782 2623 naut.
797 2573 866 2626 meis
882 2571 1021 2626 omnibus.
1050 2574 1137 2630 Porro

131 2654 160 2710 h.
174 2656 194 2710 l.
217 2675 247 2709 ea
262 2656 320 2708 fere
337 2653 373 2708 est
389 2652 528 2727 potestate.
543 2671 627 2727 quam
642 2653 768 2707 vidimus
785 2654 820 2707 ad
837 2671 872 2717 2,
896 2676 929 2717 ι,
956 2671 984 2723 7.
1007 2655 1057 2710 ubi
1077 2656 1137 2731 pust

131 2741 256 2817 primum
285 2739 433 2794 sententiae
462 2736 632 2791 vocabulum
654 2737 780 2811 ponitur.
840 2740 969 2821 Longius
991 2756 1083 2794 tamen
1108 2756 1137 2795 et

131 2824 240 2879 insuavi
261 2823 459 2896 compufitioue
484 2820 635 2874 diremtum
665 2815 745 2875 dicas*
768 2823 927 2900 genitivum
953 2823 986 2878 ab
1007 2844 1040 2879 eo
1063 2824 1137 2880 uude

131 2910 246 2984 pendet:
283 2902 410 2980 leviffima
434 2924 569 2978 quaeque,
604 2923 694 2975 neque
713 2909 824 2979 prorsus
847 2908 883 2961 est
904 2908 1081 2963 necessarium
1104 2911 1137 2964 iu

130 3014 213 3067 porro
227 2991 255 3045 h.
272 2988 290 3043 l.
307 2991 358 3043 ess'e
376 2987 593 3063 oppulitiouem;
622 2988 710 3061 potest
732 2988 784 3044 effe
804 2991 907 3064 prioris
920 2996 1137 3048 amumcutuio·

123 3077 175 3129 -uis
199 3075 382 3129 continuatio.
431 3070 524 3127 Guelf.
549 3087 687 3149 receptam
710 3071 772 3133 dat,
810 3092 899 3147 neque
922 3038 1008 3130 uldin·
1028 3090 1136 3150 praetet

131 3160 219 3215 Goth.
234 3160 395 3213 varietatem
411 3155 543 3230 competi,
712 3154 853 3231 fungitur.
897 3159 993 3213 Turio.
1003 3158 1136 3235 juugt'uu.

130 3262 190 3305 eur,
219 3245 247 3296 iu
271 3262 327 3315 quo
353 3242 473 3295 monstro
492 3259 526 3293 au
549 3238 618 3314 quid
641 3237 740 3301 lateat,
770 3242 899 3315 equidem
923 3262 980 3297 ιιοιι
1004 3244 1136 3302 dixerim.

130 3328 395 3401 V1=ffi5.fiugitur.
446 3324 540 3379 Ceteri
553 3322 620 3377 libri
635 3325 665 3377 iu
682 3340 817 3399 receptam
834 3328 1024 3391 couseutuuu;
1046 3348 1137 3403 neque
1181 3354 1197 3383 t

132 3429 199 3473 erat,
221 3409 297 3484 quod
321 3409 448 3465 Gdlueue
470 3408 609 3463 suaderet:
626 3408 762 3483 funditur.
804 3410 881 3466 Loco
903 3410 1038 3465 honorata
1059 3414 1137 3468 vide·

131 3512 179 3553 tur
194 3495 314 3569 quaestio
329 3492 399 3554 talis,
421 3494 554 3567 quoniam
567 3495 653 3566 prima
669 3509 819 3567 comparet,
839 3496 883 3552 sed
898 3494 1083 3551 nihilomiuus
1099 3496 1136 3552 est

130 3578 276 3657 bviffium.
301 3593 333 3632 ut
354 3576 454 3651 aliquis
470 3577 604 3632 iniamus
626 3574 703 3631 color
717 3578 780 3631 infit
794 3578 934 3653 fungendi
950 3580 1055 3643 verbo,
1075 3601 1137 3668 gra·

130 3666 248 3719 uitatem
271 3663 409 3736 quandam
431 3661 512 3716 velut
535 3660 705 3739 magistratus
721 3680 785 3736 prae
806 3665 831 3717 [e
855 3665 972 3725 ferenti,
996 3685 1065 3739 quae
1083 3668 1136 3721 mi·

129 3751 207 3805 nime
221 3749 368 3803 conveniat
384 3745 426 3807 ei,
445 3746 497 3819 qui
509 3764 583 3798 nune
598 3744 670 3800 forte
686 3746 799 3800 furtum
816 3749 924 3802 sussiuet
937 3768 1005 3803 earu.

193 3850 271 3889 tract.
282 3831 357 3908 sune.
399 3834 441 3885 Ita
455 3829 548 3887 Guelf.
572 3829 657 3886 Goth.
679 3833 774 3887 Turic.
796 3847 824 3886 et
838 3834 927 3889 Codd.
942 3849 1013 3909 puto
1029 3852 1134 3897 omues,

171 4051 309 4128 fungitur.
354 4047 420 4107 vid.
441 4063 502 4108 not.
519 4049 590 4108 crit.
653 4050 754 4107 referat
768 4048 801 4106 ed
814 4052 993 4126 confidimus
1017 4051 1136 4131 defigru·

173 4151 358 4192 camerac-eata
369 4134 443 4209 sune.
466 4136 615 4191 caveham
657 4152 704 4195 tue
724 4152 834 4212 tempus
849 4137 963 4215 quaudo
976 4143 1135 4194 omittuntur
