<?xml version="1.0" encoding="UTF-8"?>
<!DOCTYPE html PUBLIC "-//W3C//DTD XHTML 1.0 Transitional//EN"
    "http://www.w3.org/TR/xhtml1/DTD/xhtml1-transitional.dtd">
<html xmlns="http://www.w3.org/1999/xhtml" xml:lang="en" lang="en">
 <head>
  <title>
</title>
<meta http-equiv="Content-Type" content="text/html;charset=utf-8" />
  <meta name='ocr-system' content='tesseract 3.04.00' />
  <meta name='ocr-capabilities' content='ocr_page ocr_carea ocr_par ocr_line ocrx_word'/>
</head>
<body>
  <div class='ocr_page' id='page_1' title='image "./deinstitutioneo07quingoog_0035.png"; bbox 0 0 2596 4710; ppageno 0'>
   <div class='ocr_carea' id='block_1_1' title="bbox 159 262 835 349">
    <p class='ocr_par' dir='ltr' id='par_1_1' title="bbox 159 262 835 349">
     <span class='ocr_line' id='line_1_1' title="bbox 159 262 835 349; baseline 0.003 -18"><span class='ocrx_word' id='word_1_1' title='bbox 159 274 287 331; x_wconf 70' lang='grc' dir='ltr'><em>κων·</em></span> <span class='ocrx_word' id='word_1_2' title='bbox 485 262 835 349; x_wconf 73' lang='grc' dir='ltr'><strong>ΡΒΑΕΕΑΤΙΟ’.’</strong></span> 
     </span>
    </p>
   </div>
   <div class='ocr_carea' id='block_1_2' title="bbox 107 448 1166 1495">
    <p class='ocr_par' dir='ltr' id='par_1_2' title="bbox 107 448 1166 1495">
     <span class='ocr_line' id='line_1_2' title="bbox 160 448 1166 554; baseline 0.003 -28"><span class='ocrx_word' id='word_1_3' title='bbox 160 448 315 526; x_wconf 82' lang='lat' dir='ltr'><em>causam</em></span> <span class='ocrx_word' id='word_1_4' title='bbox 338 449 469 539; x_wconf 86' lang='lat' dir='ltr'><em>illam,</em></span> <span class='ocrx_word' id='word_1_5' title='bbox 524 474 648 550; x_wconf 81' lang='lat' dir='ltr'><em>quam</em></span> <span class='ocrx_word' id='word_1_6' title='bbox 675 454 755 553; x_wconf 79' lang='lat' dir='ltr'><em>agit</em></span> <span class='ocrx_word' id='word_1_7' title='bbox 783 457 919 554; x_wconf 67' lang='lat' dir='ltr'><em>poeta,</em></span> <span class='ocrx_word' id='word_1_8' title='bbox 969 452 1166 537; x_wconf 78' lang='lat' dir='ltr'><em>dirimen÷</em></span> 
     </span>
     <span class='ocr_line' id='line_1_3' title="bbox 160 585 1166 689; baseline 0.004 -27"><span class='ocrx_word' id='word_1_9' title='bbox 160 586 271 675; x_wconf 83' lang='lat' dir='ltr'><em>dam,</em></span> <span class='ocrx_word' id='word_1_10' title='bbox 298 587 442 662; x_wconf 83' lang='lat' dir='ltr'><em>vivere.</em></span> <span class='ocrx_word' id='word_1_11' title='bbox 468 600 549 659; x_wconf 81' lang='lat' dir='ltr'><em>tam</em></span> <span class='ocrx_word' id='word_1_12' title='bbox 577 585 736 662; x_wconf 82' lang='lat' dir='ltr'><strong>felicem</strong></span> <span class='ocrx_word' id='word_1_13' title='bbox 764 588 906 665; x_wconf 80' lang='lat' dir='ltr'><em>orandi</em></span> <span class='ocrx_word' id='word_1_14' title='bbox 931 606 1166 689; x_wconf 86' lang='lat' dir='ltr'><em>praecepto-</em></span> 
     </span>
     <span class='ocr_line' id='line_1_4' title="bbox 160 702 1166 827; baseline 0.002 -30"><span class='ocrx_word' id='word_1_15' title='bbox 160 746 246 798; x_wconf 90' lang='lat' dir='ltr'><em>rem</em></span> <span class='ocrx_word' id='word_1_16' title='bbox 281 746 326 796; x_wconf 80' lang='lat' dir='ltr'><em>ee</em></span> <span class='ocrx_word' id='word_1_17' title='bbox 352 702 446 821; x_wconf 47' lang='lat' dir='ltr'>&#39;ipsa</span> <span class='ocrx_word' id='word_1_18' title='bbox 489 715 716 827; x_wconf 78' lang='lat' dir='ltr'><em>tempestate</em></span> <span class='ocrx_word' id='word_1_19' title='bbox 755 749 834 823; x_wconf 84' lang='lat' dir='ltr'><em>qua</em></span> <span class='ocrx_word' id='word_1_20' title='bbox 874 721 980 801; x_wconf 82' lang='lat' dir='ltr'><em>solus</em></span> <span class='ocrx_word' id='word_1_21' title='bbox 1024 720 1166 801; x_wconf 80' lang='lat' dir='ltr'><em>Caesar</em></span> 
     </span>
     <span class='ocr_line' id='line_1_5' title="bbox 159 816 1164 963; baseline -0.001 -31"><span class='ocrx_word' id='word_1_22' title='bbox 159 816 433 954; x_wconf 66' lang='lat' dir='ltr'><em>(Hadrianum</em></span> <span class='ocrx_word' id='word_1_23' title='bbox 462 858 668 956; x_wconf 82' lang='lat' dir='ltr'><strong>intellige)</strong></span> <span class='ocrx_word' id='word_1_24' title='bbox 695 851 827 963; x_wconf 86' lang='lat' dir='ltr'><em>tristes</em></span> <span class='ocrx_word' id='word_1_25' title='bbox 856 860 1069 935; x_wconf 79' lang='lat' dir='ltr'><em>Camoertas</em></span> <span class='ocrx_word' id='word_1_26' title='bbox 1102 883 1164 932; x_wconf 86' lang='lat' dir='ltr'><em>re·</em></span> 
     </span>
     <span class='ocr_line' id='line_1_6' title="bbox 123 984 1163 1099; baseline 0.003 -33"><span class='ocrx_word' id='word_1_27' title='bbox 123 984 125 988; x_wconf 61' lang='grc'><strong>’</strong></span> <span class='ocrx_word' id='word_1_28' title='bbox 158 987 330 1099; x_wconf 76' lang='lat' dir='ltr'><em>[pexerit</em></span> <span class='ocrx_word' id='word_1_29' title='bbox 358 992 461 1087; x_wconf 84' lang='lat' dir='ltr'><em>(Juv.</em></span> <span class='ocrx_word' id='word_1_30' title='bbox 485 1014 524 1086; x_wconf 90' lang='lat'><em>7,</em></span> <span class='ocrx_word' id='word_1_31' title='bbox 554 999 675 1092; x_wconf 80' lang='lat'><strong>1‚2.).</strong></span> <span class='ocrx_word' id='word_1_32' title='bbox 732 996 900 1093; x_wconf 86' lang='lat' dir='ltr'>Alioqui</span> <span class='ocrx_word' id='word_1_33' title='bbox 919 996 1028 1069; x_wconf 90' lang='lat' dir='ltr'><em>enim</em></span> <span class='ocrx_word' id='word_1_34' title='bbox 1046 998 1163 1087; x_wconf 85' lang='lat' dir='ltr'><em>cujus</em></span> 
     </span>
     <span class='ocr_line' id='line_1_7' title="bbox 156 1122 1161 1226; baseline 0.003 -25"><span class='ocrx_word' id='word_1_35' title='bbox 156 1127 318 1203; x_wconf 83' lang='lat' dir='ltr'><em>tandem</em></span> <span class='ocrx_word' id='word_1_36' title='bbox 341 1122 396 1200; x_wconf 86' lang='lat' dir='ltr'><em>est</em></span> <span class='ocrx_word' id='word_1_37' title='bbox 420 1128 636 1214; x_wconf 85' lang='lat' dir='ltr'><em>momenti,</em></span> <span class='ocrx_word' id='word_1_38' title='bbox 673 1128 787 1225; x_wconf 89' lang='lat' dir='ltr'><em>quod</em></span> <span class='ocrx_word' id='word_1_39' title='bbox 813 1127 1047 1226; x_wconf 85' lang='lat' dir='ltr'><em>aliquando,</em></span> <span class='ocrx_word' id='word_1_40' title='bbox 1085 1126 1161 1205; x_wconf 84' lang='lat' dir='ltr'><em>sub</em></span> 
     </span>
     <span class='ocr_line' id='line_1_8' title="bbox 107 1256 1161 1364; baseline -0.003 -26"><span class='ocrx_word' id='word_1_41' title='bbox 107 1299 111 1305; x_wconf 95' lang='lat'>·</span> <span class='ocrx_word' id='word_1_42' title='bbox 154 1263 412 1347; x_wconf 87' lang='lat' dir='ltr'><em>Domitiano,</em></span> <span class='ocrx_word' id='word_1_43' title='bbox 463 1258 575 1333; x_wconf 84' lang='lat' dir='ltr'><em>dives</em></span> <span class='ocrx_word' id='word_1_44' title='bbox 609 1256 691 1334; x_wconf 82' lang='lat' dir='ltr'><em>fuit</em></span> <span class='ocrx_word' id='word_1_45' title='bbox 727 1263 1022 1364; x_wconf 69' lang='lat' dir='ltr'>Quintilianus?</span> <span class='ocrx_word' id='word_1_46' title='bbox 1081 1261 1161 1337; x_wconf 83' lang='lat' dir='ltr'><em>Sed</em></span> 
     </span>
     <span class='ocr_line' id='line_1_9' title="bbox 151 1390 1161 1495; baseline 0.003 -23"><span class='ocrx_word' id='word_1_47' title='bbox 151 1397 273 1473; x_wconf 89' lang='lat' dir='ltr'><em>habet</em></span> <span class='ocrx_word' id='word_1_48' title='bbox 301 1409 410 1471; x_wconf 86' lang='lat' dir='ltr'><em>totus</em></span> <span class='ocrx_word' id='word_1_49' title='bbox 439 1390 511 1466; x_wconf 88' lang='lat' dir='ltr'><em>iste</em></span> <span class='ocrx_word' id='word_1_50' title='bbox 539 1395 740 1475; x_wconf 83' lang='lat' dir='ltr'><em>luvenalis</em></span> <span class='ocrx_word' id='word_1_51' title='bbox 769 1397 893 1484; x_wconf 84' lang='lat' dir='ltr'><em>locus,</em></span> <span class='ocrx_word' id='word_1_52' title='bbox 934 1398 980 1470; x_wconf 92' lang='lat' dir='ltr'><em>in</em></span> <span class='ocrx_word' id='word_1_53' title='bbox 1009 1397 1161 1495; x_wconf 86' lang='lat' dir='ltr'><em>quibus</em></span> 
     </span>
    </p>
   </div>
   <div class='ocr_carea' id='block_1_3' title="bbox 152 1526 1158 1620">
    <p class='ocr_par' dir='ltr' id='par_1_3' title="bbox 152 1526 1158 1620">
     <span class='ocr_line' id='line_1_10' title="bbox 152 1526 1158 1620; baseline -0.003 -12"><span class='ocrx_word' id='word_1_54' title='bbox 152 1530 323 1608; x_wconf 80' lang='lat' dir='ltr'><em>haereas.</em></span> <span class='ocrx_word' id='word_1_55' title='bbox 402 1529 510 1602; x_wconf 90' lang='lat' dir='ltr'>Olim</span> <span class='ocrx_word' id='word_1_56' title='bbox 538 1526 624 1602; x_wconf 86' lang='lat' dir='ltr'><em>fere</em></span> <span class='ocrx_word' id='word_1_57' title='bbox 654 1532 733 1603; x_wconf 88' lang='lat' dir='ltr'><em>VV.</em></span> <span class='ocrx_word' id='word_1_58' title='bbox 763 1533 854 1606; x_wconf 91' lang='lat' dir='ltr'><em>DD.</em></span> <span class='ocrx_word' id='word_1_59' title='bbox 889 1534 1056 1620; x_wconf 85' lang='lat' dir='ltr'><em>iratum,</em></span> <span class='ocrx_word' id='word_1_60' title='bbox 1102 1533 1158 1605; x_wconf 87' lang='lat' dir='ltr'><em>ob</em></span> 
     </span>
    </p>
   </div>
   <div class='ocr_carea' id='block_1_4' title="bbox 23 1661 1157 1766">
    <p class='ocr_par' dir='ltr' id='par_1_4' title="bbox 23 1661 1157 1766">
     <span class='ocr_line' id='line_1_11' title="bbox 23 1661 1157 1766; baseline -0.003 -23"><span class='ocrx_word' id='word_1_61' title='bbox 23 1694 28 1703; x_wconf 85' lang='lat'><strong>·</strong></span> <span class='ocrx_word' id='word_1_62' title='bbox 151 1680 309 1766; x_wconf 82' lang='lat' dir='ltr'><em>negatas</em></span> <span class='ocrx_word' id='word_1_63' title='bbox 337 1663 383 1736; x_wconf 91' lang='lat' dir='ltr'><em>in</em></span> <span class='ocrx_word' id='word_1_64' title='bbox 412 1688 532 1762; x_wconf 87' lang='lat' dir='ltr'><em>opere</em></span> <span class='ocrx_word' id='word_1_65' title='bbox 559 1661 631 1740; x_wconf 85' lang='lat' dir='ltr'><em>suo</em></span> <span class='ocrx_word' id='word_1_66' title='bbox 667 1665 823 1754; x_wconf 80' lang='lat' dir='ltr'><em>laudes,</em></span> <span class='ocrx_word' id='word_1_67' title='bbox 876 1666 1030 1761; x_wconf 85' lang='lat' dir='ltr'><em>rhetori</em></span> <span class='ocrx_word' id='word_1_68' title='bbox 1058 1674 1157 1765; x_wconf 71' lang='lat' dir='ltr'><em>poe·</em></span> 
     </span>
    </p>
   </div>
   <div class='ocr_carea' id='block_1_5' title="bbox 147 1796 1184 2847">
    <p class='ocr_par' dir='ltr' id='par_1_5' title="bbox 147 1796 1184 2847">
     <span class='ocr_line' id='line_1_12' title="bbox 152 1796 1156 1903; baseline 0.001 -27"><span class='ocrx_word' id='word_1_69' title='bbox 152 1819 232 1877; x_wconf 89' lang='lat' dir='ltr'><em>tam</em></span> <span class='ocrx_word' id='word_1_70' title='bbox 259 1797 501 1876; x_wconf 84' lang='lat' dir='ltr'><em>videbantur</em></span> <span class='ocrx_word' id='word_1_71' title='bbox 536 1796 609 1875; x_wconf 87' lang='lat' dir='ltr'><em>fibi</em></span> <span class='ocrx_word' id='word_1_72' title='bbox 636 1800 844 1903; x_wconf 83' lang='lat' dir='ltr'><em>agnoscere</em></span> <span class='ocrx_word' id='word_1_73' title='bbox 851 1828 863 1891; x_wconf 89' lang='lat'>;</span> <span class='ocrx_word' id='word_1_74' title='bbox 910 1803 1156 1901; x_wconf 83' lang='lat' dir='ltr'><em>argumentis</em></span> 
     </span>
     <span class='ocr_line' id='line_1_13' title="bbox 150 1931 1153 2035; baseline 0.001 -24"><span class='ocrx_word' id='word_1_75' title='bbox 150 1936 241 2011; x_wconf 82' lang='lat' dir='ltr'><em>l&#39;ane</em></span> <span class='ocrx_word' id='word_1_76' title='bbox 270 1931 449 2010; x_wconf 87' lang='lat' dir='ltr'><em>infirmis.</em></span> <span class='ocrx_word' id='word_1_77' title='bbox 509 1936 705 2025; x_wconf 80' lang='lat' dir='ltr'><em>Attamen,</em></span> <span class='ocrx_word' id='word_1_78' title='bbox 733 1962 782 2011; x_wconf 88' lang='lat' dir='ltr'><em>ex</em></span> <span class='ocrx_word' id='word_1_79' title='bbox 806 1962 889 2035; x_wconf 94' lang='lat' dir='ltr'><em>quo</em></span> <span class='ocrx_word' id='word_1_80' title='bbox 912 1937 1011 2013; x_wconf 83' lang='lat' dir='ltr'><em>haec</em></span> <span class='ocrx_word' id='word_1_81' title='bbox 1030 1939 1153 2012; x_wconf 88' lang='lat' dir='ltr'><em>inter·</em></span> 
     </span>
     <span class='ocr_line' id='line_1_14' title="bbox 150 2052 1184 2173; baseline 0.003 -29"><span class='ocrx_word' id='word_1_82' title='bbox 150 2052 320 2173; x_wconf 62' lang='lat' dir='ltr'><em>pretatio</em></span> <span class='ocrx_word' id='word_1_83' title='bbox 336 2070 461 2170; x_wconf 87' lang='lat' dir='ltr'><em>vulgo</em></span> <span class='ocrx_word' id='word_1_84' title='bbox 485 2071 595 2162; x_wconf 80' lang='lat' dir='ltr'><em>reiiei</em></span> <span class='ocrx_word' id='word_1_85' title='bbox 615 2073 757 2172; x_wconf 87' lang='lat' dir='ltr'><em>coepit,</em></span> <span class='ocrx_word' id='word_1_86' title='bbox 789 2097 931 2172; x_wconf 88' lang='lat' dir='ltr'><em>parum</em></span> <span class='ocrx_word' id='word_1_87' title='bbox 951 2071 1152 2148; x_wconf 83' lang='lat' dir='ltr'><em>attendille</em></span> <span class='ocrx_word' id='word_1_88' title='bbox 1178 2111 1184 2123; x_wconf 83' lang='lat'><strong>·</strong></span> 
     </span>
     <span class='ocr_line' id='line_1_15' title="bbox 151 2202 1163 2301; baseline 0.007 -21"><span class='ocrx_word' id='word_1_89' title='bbox 151 2231 221 2281; x_wconf 86' lang='lat' dir='ltr'><em>eos</em></span> <span class='ocrx_word' id='word_1_90' title='bbox 243 2204 348 2280; x_wconf 83' lang='lat' dir='ltr'><em>dicus</em></span> <span class='ocrx_word' id='word_1_91' title='bbox 368 2202 606 2281; x_wconf 86' lang='lat' dir='ltr'><em>universum</em></span> <span class='ocrx_word' id='word_1_92' title='bbox 624 2205 746 2301; x_wconf 90' lang='lat' dir='ltr'><em>hujus</em></span> <span class='ocrx_word' id='word_1_93' title='bbox 764 2208 1163 2287; x_wconf 82' lang='lat' dir='ltr'><em>commemorationis·</em></span> 
     </span>
     <span class='ocr_line' id='line_1_16' title="bbox 149 2339 1155 2447; baseline 0.006 -32"><span class='ocrx_word' id='word_1_94' title='bbox 149 2341 347 2428; x_wconf 88' lang='lat' dir='ltr'><em>colorem,</em></span> <span class='ocrx_word' id='word_1_95' title='bbox 385 2340 458 2438; x_wconf 82' lang='lat' dir='ltr'><em>qui</em></span> <span class='ocrx_word' id='word_1_96' title='bbox 487 2342 662 2416; x_wconf 86' lang='lat' dir='ltr'><em>amicum</em></span> <span class='ocrx_word' id='word_1_97' title='bbox 690 2358 729 2416; x_wconf 92' lang='lat' dir='ltr'><em>et</em></span> <span class='ocrx_word' id='word_1_98' title='bbox 756 2339 957 2417; x_wconf 74' lang='lat' dir='ltr'><em>faventem</em></span> <span class='ocrx_word' id='word_1_99' title='bbox 992 2346 1155 2447; x_wconf 84' lang='lat' dir='ltr'><em>Quinti·</em></span> 
     </span>
     <span class='ocr_line' id='line_1_17' title="bbox 148 2475 1151 2574; baseline 0.004 -23"><span class='ocrx_word' id='word_1_100' title='bbox 148 2476 257 2567; x_wconf 85' lang='lat' dir='ltr'><em>liano</em></span> <span class='ocrx_word' id='word_1_101' title='bbox 274 2477 344 2550; x_wconf 84' lang='lat' dir='ltr'><em>vix</em></span> <span class='ocrx_word' id='word_1_102' title='bbox 364 2491 508 2574; x_wconf 80' lang='lat' dir='ltr'><em>arguat.</em></span> <span class='ocrx_word' id='word_1_103' title='bbox 569 2477 632 2551; x_wconf 87' lang='lat' dir='ltr'><em>An</em></span> <span class='ocrx_word' id='word_1_104' title='bbox 655 2478 855 2551; x_wconf 86' lang='lat' dir='ltr'><em>cumulata</em></span> <span class='ocrx_word' id='word_1_105' title='bbox 874 2475 945 2551; x_wconf 80' lang='lat' dir='ltr'><em>ista</em></span> <span class='ocrx_word' id='word_1_106' title='bbox 966 2481 1151 2555; x_wconf 85' lang='lat' dir='ltr'><em>attributa</em></span> 
     </span>
     <span class='ocr_line' id='line_1_18' title="bbox 149 2596 1151 2703; baseline 0.006 -19"><span class='ocrx_word' id='word_1_107' title='bbox 149 2637 172 2684; x_wconf 83' lang='lat' dir='ltr'>a</span> <span class='ocrx_word' id='word_1_108' title='bbox 200 2609 430 2702; x_wconf 79' lang='lat' dir='ltr'><em>versu-190</em></span> <span class='ocrx_word' id='word_1_109' title='bbox 460 2596 510 2686; x_wconf 72' lang='lat' dir='ltr'><em>ed</em></span> <span class='ocrx_word' id='word_1_110' title='bbox 544 2633 620 2703; x_wconf 83' lang='lat'><em>193</em></span> <span class='ocrx_word' id='word_1_111' title='bbox 657 2610 750 2686; x_wconf 82' lang='lat' dir='ltr'><em>sunt</em></span> <span class='ocrx_word' id='word_1_112' title='bbox 789 2609 891 2687; x_wconf 85' lang='lat' dir='ltr'><em>serio</em></span> <span class='ocrx_word' id='word_1_113' title='bbox 924 2612 1151 2692; x_wconf 66' lang='lat' dir='ltr'><em>laudantis?</em></span> 
     </span>
     <span class='ocr_line' id='line_1_19' title="bbox 147 2742 1151 2847; baseline 0.005 -25"><span class='ocrx_word' id='word_1_114' title='bbox 147 2747 300 2822; x_wconf 84' lang='lat' dir='ltr'><em>Nonne</em></span> <span class='ocrx_word' id='word_1_115' title='bbox 323 2743 378 2819; x_wconf 77' lang='lat' dir='ltr'><em>&#39;est</em></span> <span class='ocrx_word' id='word_1_116' title='bbox 400 2742 526 2822; x_wconf 77' lang='lat' dir='ltr'><em>irrisio</em></span> <span class='ocrx_word' id='word_1_117' title='bbox 551 2748 682 2821; x_wconf 90' lang='lat' dir='ltr'><em>iniis:</em></span> <span class='ocrx_word' id='word_1_118' title='bbox 720 2743 836 2834; x_wconf 87' lang='lat' dir='ltr'><em>„Etli</em></span> <span class='ocrx_word' id='word_1_119' title='bbox 857 2745 1040 2847; x_wconf 80' lang='lat' dir='ltr'><em>perfrixit</em></span> <span class='ocrx_word' id='word_1_120' title='bbox 1061 2777 1151 2827; x_wconf 84' lang='lat' dir='ltr'><em>can·</em></span> 
     </span>
    </p>
   </div>
   <div class='ocr_carea' id='block_1_6' title="bbox 131 2862 1150 2996">
    <p class='ocr_par' dir='ltr' id='par_1_6' title="bbox 131 2862 1150 2996">
     <span class='ocr_line' id='line_1_20' title="bbox 131 2862 1150 2996; baseline -0.006 -41"><span class='ocrx_word' id='word_1_121' title='bbox 131 2896 227 2996; x_wconf 76' lang='lat' dir='ltr'><em>„tat</em></span> <span class='ocrx_word' id='word_1_122' title='bbox 245 2881 398 2954; x_wconf 76' lang='lat' dir='ltr'><em>bene‘l“</em></span> <span class='ocrx_word' id='word_1_123' title='bbox 438 2883 537 2956; x_wconf 90' lang='lat' dir='ltr'><em>Non</em></span> <span class='ocrx_word' id='word_1_124' title='bbox 552 2862 659 2980; x_wconf 87' lang='lat' dir='ltr'><em>fugit</em></span> <span class='ocrx_word' id='word_1_125' title='bbox 672 2874 737 2955; x_wconf 86' lang='lat' dir='ltr'><em>me</em></span> <span class='ocrx_word' id='word_1_126' title='bbox 754 2885 829 2956; x_wconf 85' lang='lat' dir='ltr'><em>Sat.</em></span> <span class='ocrx_word' id='word_1_127' title='bbox 848 2889 887 2971; x_wconf 89' lang='lat'><em>6,</em></span> <span class='ocrx_word' id='word_1_128' title='bbox 911 2893 976 2978; x_wconf 74' lang='lat'><em>74.</em></span> <span class='ocrx_word' id='word_1_129' title='bbox 1006 2885 1150 2988; x_wconf 64' lang='lat' dir='ltr'><em>turpis.</em></span> 
     </span>
    </p>
   </div>
   <div class='ocr_carea' id='block_1_7' title="bbox 17 3012 1198 3122">
    <p class='ocr_par' dir='ltr' id='par_1_7' title="bbox 17 3012 1198 3122">
     <span class='ocr_line' id='line_1_21' title="bbox 17 3012 1198 3122; baseline 0.014 -39"><span class='ocrx_word' id='word_1_130' title='bbox 17 3074 21 3083; x_wconf 93' lang='lat'><em>.</em></span> <span class='ocrx_word' id='word_1_131' title='bbox 135 3012 252 3091; x_wconf 79' lang='lat' dir='ltr'><em>limis</em></span> <span class='ocrx_word' id='word_1_132' title='bbox 269 3016 504 3092; x_wconf 88' lang='lat' dir='ltr'><em>hominibus</em></span> <span class='ocrx_word' id='word_1_133' title='bbox 519 3014 660 3091; x_wconf 80' lang='lat' dir='ltr'><em>diserte</em></span> <span class='ocrx_word' id='word_1_134' title='bbox 675 3019 830 3116; x_wconf 92' lang='lat' dir='ltr'><em>opponi</em></span> <span class='ocrx_word' id='word_1_135' title='bbox 841 3019 1149 3122; x_wconf 79' lang='lat' dir='ltr'><em>Quintilianum,</em></span> <span class='ocrx_word' id='word_1_136' title='bbox 1192 3106 1198 3115; x_wconf 27' lang='lat'>⁸</span> 
     </span>
    </p>
   </div>
   <div class='ocr_carea' id='block_1_8' title="bbox 144 3152 1149 3387">
    <p class='ocr_par' dir='ltr' id='par_1_8' title="bbox 144 3152 1149 3387">
     <span class='ocr_line' id='line_1_22' title="bbox 144 3152 1149 3252; baseline 0.005 -25"><span class='ocrx_word' id='word_1_137' title='bbox 144 3177 278 3252; x_wconf 86' lang='lat' dir='ltr'><em>neque</em></span> <span class='ocrx_word' id='word_1_138' title='bbox 295 3152 440 3226; x_wconf 89' lang='lat' dir='ltr'><em>melius</em></span> <span class='ocrx_word' id='word_1_139' title='bbox 455 3154 592 3227; x_wconf 83' lang='lat' dir='ltr'><em>ceteris</em></span> <span class='ocrx_word' id='word_1_140' title='bbox 607 3177 691 3241; x_wconf 85' lang='lat' dir='ltr'><em>me,</em></span> <span class='ocrx_word' id='word_1_141' title='bbox 719 3178 802 3252; x_wconf 89' lang='lat' dir='ltr'><em>quo</em></span> <span class='ocrx_word' id='word_1_142' title='bbox 816 3152 912 3226; x_wconf 84' lang='lat' dir='ltr'><em>haec</em></span> <span class='ocrx_word' id='word_1_143' title='bbox 928 3154 1149 3247; x_wconf 87' lang='lat' dir='ltr'><em>tenderent,</em></span> 
     </span>
     <span class='ocr_line' id='line_1_23' title="bbox 144 3283 1148 3387; baseline 0.007 -26"><span class='ocrx_word' id='word_1_144' title='bbox 144 3283 376 3386; x_wconf 83' lang='lat' dir='ltr'><em>perspexiffe</em></span> <span class='ocrx_word' id='word_1_145' title='bbox 398 3286 509 3361; x_wconf 81' lang='lat' dir='ltr'><em>mihi.</em></span> <span class='ocrx_word' id='word_1_146' title='bbox 521 3284 648 3363; x_wconf 74' lang='lat' dir='ltr'><em>[iuno.</em></span> <span class='ocrx_word' id='word_1_147' title='bbox 705 3286 753 3359; x_wconf 91' lang='lat' dir='ltr'><em>ld</em></span> <span class='ocrx_word' id='word_1_148' title='bbox 771 3312 867 3387; x_wconf 81' lang='lat' dir='ltr'><em>ugo,</em></span> <span class='ocrx_word' id='word_1_149' title='bbox 894 3312 946 3361; x_wconf 91' lang='lat' dir='ltr'><em>ne</em></span> <span class='ocrx_word' id='word_1_150' title='bbox 968 3292 1064 3387; x_wconf 76' lang='lat' dir='ltr'><em>quis</em></span> <span class='ocrx_word' id='word_1_151' title='bbox 1082 3319 1148 3368; x_wconf 87' lang='lat' dir='ltr'><em>ex·</em></span> 
     </span>
    </p>
   </div>
   <div class='ocr_carea' id='block_1_9' title="bbox 7 3420 1148 3523">
    <p class='ocr_par' dir='ltr' id='par_1_9' title="bbox 7 3420 1148 3523">
     <span class='ocr_line' id='line_1_24' title="bbox 7 3420 1148 3523; baseline 0.01 -30"><span class='ocrx_word' id='word_1_152' title='bbox 7 3488 10 3493; x_wconf 87' lang='lat'><em>.</em></span> <span class='ocrx_word' id='word_1_153' title='bbox 144 3422 328 3520; x_wconf 87' lang='lat' dir='ltr'><em>peditum</em></span> <span class='ocrx_word' id='word_1_154' title='bbox 353 3424 467 3498; x_wconf 91' lang='lat' dir='ltr'><em>omni</em></span> <span class='ocrx_word' id='word_1_155' title='bbox 492 3446 540 3496; x_wconf 86' lang='lat' dir='ltr'><em>ex</em></span> <span class='ocrx_word' id='word_1_156' title='bbox 559 3437 668 3523; x_wconf 86' lang='lat' dir='ltr'><em>parte</em></span> <span class='ocrx_word' id='word_1_157' title='bbox 689 3422 827 3498; x_wconf 87' lang='lat' dir='ltr'><em>locum</em></span> <span class='ocrx_word' id='word_1_158' title='bbox 855 3420 1065 3515; x_wconf 82' lang='lat' dir='ltr'><em>existimet,</em></span> <span class='ocrx_word' id='word_1_159' title='bbox 1100 3430 1148 3503; x_wconf 88' lang='lat' dir='ltr'><em>iu</em></span> 
     </span>
    </p>
   </div>
   <div class='ocr_carea' id='block_1_10' title="bbox 143 3555 1150 4063">
    <p class='ocr_par' dir='ltr' id='par_1_10' title="bbox 143 3555 1150 4063">
     <span class='ocr_line' id='line_1_25' title="bbox 145 3555 1150 3665; baseline 0.008 -36"><span class='ocrx_word' id='word_1_160' title='bbox 145 3574 228 3654; x_wconf 85' lang='lat' dir='ltr'><em>quo</em></span> <span class='ocrx_word' id='word_1_161' title='bbox 246 3571 464 3665; x_wconf 85' lang='lat' dir='ltr'><em>tanguntur</em></span> <span class='ocrx_word' id='word_1_162' title='bbox 483 3555 638 3634; x_wconf 82' lang='lat' dir='ltr'><em>fortelle</em></span> <span class='ocrx_word' id='word_1_163' title='bbox 660 3557 852 3658; x_wconf 85' lang='lat' dir='ltr'><em>quaedam</em></span> <span class='ocrx_word' id='word_1_164' title='bbox 874 3574 970 3634; x_wconf 88' lang='lat' dir='ltr'><em>tunc</em></span> <span class='ocrx_word' id='word_1_165' title='bbox 991 3561 1037 3635; x_wconf 90' lang='lat' dir='ltr'><em>in</em></span> <span class='ocrx_word' id='word_1_166' title='bbox 1055 3563 1150 3637; x_wconf 88' lang='lat' dir='ltr'><em>vul·</em></span> 
     </span>
     <span class='ocr_line' id='line_1_26' title="bbox 144 3690 1148 3797; baseline 0.011 -35"><span class='ocrx_word' id='word_1_167' title='bbox 144 3714 218 3789; x_wconf 90' lang='lat' dir='ltr'><em>gus</em></span> <span class='ocrx_word' id='word_1_168' title='bbox 241 3705 354 3780; x_wconf 86' lang='lat' dir='ltr'><em>nota,</em></span> <span class='ocrx_word' id='word_1_169' title='bbox 392 3717 567 3789; x_wconf 90' lang='lat' dir='ltr'><em>quorum</em></span> <span class='ocrx_word' id='word_1_170' title='bbox 595 3690 645 3765; x_wconf 84' lang='lat' dir='ltr'><em>ad</em></span> <span class='ocrx_word' id='word_1_171' title='bbox 665 3719 739 3767; x_wconf 85' lang='lat' dir='ltr'><em>nos</em></span> <span class='ocrx_word' id='word_1_172' title='bbox 764 3694 906 3768; x_wconf 88' lang='lat' dir='ltr'><em>notitia</em></span> <span class='ocrx_word' id='word_1_173' title='bbox 922 3695 1037 3771; x_wconf 87' lang='lat' dir='ltr'><em>nulla</em></span> <span class='ocrx_word' id='word_1_174' title='bbox 1056 3722 1148 3797; x_wconf 86' lang='lat' dir='ltr'><em>per·</em></span> 
     </span>
     <span class='ocr_line' id='line_1_27' title="bbox 143 3823 1146 3931; baseline 0.011 -33"><span class='ocrx_word' id='word_1_175' title='bbox 143 3825 308 3898; x_wconf 88' lang='lat' dir='ltr'><em>venerit.</em></span> <span class='ocrx_word' id='word_1_176' title='bbox 381 3829 443 3899; x_wconf 83' lang='lat' dir='ltr'><em>An</em></span> <span class='ocrx_word' id='word_1_177' title='bbox 473 3823 577 3903; x_wconf 88' lang='lat' dir='ltr'><em>forte</em></span> <span class='ocrx_word' id='word_1_178' title='bbox 608 3841 646 3898; x_wconf 85' lang='lat' dir='ltr'><em>et</em></span> <span class='ocrx_word' id='word_1_179' title='bbox 675 3826 770 3900; x_wconf 86' lang='lat' dir='ltr'><em>haec</em></span> <span class='ocrx_word' id='word_1_180' title='bbox 793 3824 917 3903; x_wconf 88' lang='lat' dir='ltr'><em>nostri</em></span> <span class='ocrx_word' id='word_1_181' title='bbox 943 3828 1146 3931; x_wconf 73' lang='lat' dir='ltr'><em>scriptoris</em></span> 
     </span>
     <span class='ocr_line' id='line_1_28' title="bbox 144 3959 1144 4063; baseline 0.014 -32"><span class='ocrx_word' id='word_1_182' title='bbox 144 3963 467 4037; x_wconf 81' lang='lat' dir='ltr'><em>commemoratio</em></span> <span class='ocrx_word' id='word_1_183' title='bbox 489 3986 561 4063; x_wconf 89' lang='lat' dir='ltr'><em>per</em></span> <span class='ocrx_word' id='word_1_184' title='bbox 585 3959 752 4063; x_wconf 83' lang='lat' dir='ltr'><em>liguram</em></span> <span class='ocrx_word' id='word_1_185' title='bbox 779 3959 879 4036; x_wconf 81' lang='lat' dir='ltr'><em>fucta</em></span> <span class='ocrx_word' id='word_1_186' title='bbox 903 3961 957 4038; x_wconf 87' lang='lat' dir='ltr'><em>est</em></span> <span class='ocrx_word' id='word_1_187' title='bbox 981 3991 1010 4040; x_wconf 85' lang='lat' dir='ltr'><em>u.</em></span> <span class='ocrx_word' id='word_1_188' title='bbox 1023 3972 1144 4051; x_wconf 86' lang='lat' dir='ltr'><em>Juve-</em></span> 
     </span>
    </p>
   </div>
   <div class='ocr_carea' id='block_1_11' title="bbox 0 0 1302 4710">
    <p class='ocr_par' dir='ltr' id='par_1_11' title="bbox 0 0 1302 4710">
     <span class='ocr_line' id='line_1_29' title="bbox 0 0 1302 4710; baseline 0 2"><span class='ocrx_word' id='word_1_189' title='bbox 0 0 1302 4710; x_wconf 95' lang='lat' dir='ltr'><em> </em></span> 
     </span>
    </p>
   </div>
  </div>
 </body>
</html>
