2596 4710
257 323 260 329 ’
326 346 448 415 rusr.
475 344 683 414 omrou
711 345 801 412 Lm.
828 345 882 418 11,
909 356 945 432 4.
1064 366 1140 434 ,μ

131 549 371 631 tenerosque
387 531 587 632 profectus
602 533 651 607 ad
669 531 929 608 imitationem
946 529 1138 607 condisci-

133 649 345 749 pulorum,
380 675 480 747 quae
503 647 658 723 facilior
682 646 793 734 ess'et,
821 647 981 746 erigere.
1024 649 1137 747 quod

133 788 157 837 a
172 764 409 863 quibusdam
429 761 477 836 fic
499 767 623 863 accipi
642 754 788 864 potest,
816 778 1003 861 tanquam
1022 765 1137 854 haec,

133 904 256 977 quam
276 906 384 952 nunc
398 896 532 967 tueor,
560 878 748 953 sententia
767 879 892 976 priori
910 877 1062 953 diversa
1077 878 1145 954 fit:

132 993 180 1069 Id
204 1019 225 1065 a
250 1019 314 1067 me
340 996 480 1092 procul
502 996 635 1068 aberit.
674 1017 846 1091 namque
869 1018 913 1065 ea
936 993 1045 1068 causa
1068 998 1180 1070 velu

132 1110 303 1184 maxima
333 1108 405 1196 est,
442 1135 513 1183 cur
538 1112 690 1208 optimo
719 1111 865 1209 cuique
890 1113 1136 1210 praeceptori

133 1222 180 1298 stt
202 1223 413 1298 tradendus
434 1250 554 1323 puer,
581 1225 692 1323 quod
714 1223 821 1322 apud
840 1248 935 1297 eum
951 1223 1136 1325 discipuli

135 1365 309 1439 quoque,
327 1343 470 1414 melius
487 1339 669 1428 instituti,
683 1355 751 1414 aut
769 1339 920 1428 dicent,
944 1342 1056 1440 quod
1072 1343 1137 1417 in·

133 1457 235 1530 utile
254 1481 335 1528 non
359 1454 401 1531 fit
427 1457 572 1528 imitari
579 1483 590 1544 ;
624 1472 711 1543 aut,
734 1451 882 1551 liquid
899 1459 1136 1546 erraverint,

133 1567 261 1644 statim
279 1574 544 1669 corrigentur:
574 1587 611 1644 at
626 1571 811 1646 indoctus
827 1570 894 1642 ille
911 1557 1028 1645 etiarn
1042 1578 1150 1670 pro·'

133 1685 243 1760 babit
269 1683 423 1760 fortass'e
444 1684 603 1774 vitiosa,
637 1703 676 1760 et
700 1687 852 1785 placere
881 1684 1137 1763 audientibus

130 1800 286 1896 judicio
307 1798 378 1875 suo
399 1817 520 1901 coget.
581 1804 638 1875 Sit
658 1828 773 1900 ergo,
802 1815 881 1874 tam
907 1801 1184 1900 eloquentiam

131 1906 253 2016 quarn
269 1916 459 2003 moribus,
477 1914 830 2015 praestantiiinnus3
861 1917 932 2012 qui
946 1916 996 1989 ad
1008 1918 1136 1992 Phoe·

130 2032 233 2106 uicis
274 2034 478 2107 Homerici
508 2034 736 2134 exemplum
770 2029 900 2103 dicere
935 2055 977 2103 ac
1006 2029 1135 2106 facere

131 2145 281 2224 doceat.

217 2378 279 2451 IV.
314 2378 418 2452 Hinc
447 2382 541 2469 jam,
579 2403 675 2476 quas
704 2381 849 2478 primas
879 2382 923 2455 in
951 2377 1134 2456 docendo

130 2509 260 2596 partes
298 2493 506 2569 rhetorum
540 2510 696 2592 putem,
737 2496 889 2569 tradere
923 2497 1134 2594 incipiam:

132 2610 252 2684 dilata
267 2634 481 2708 parumper
499 2608 578 2697 illa,
596 2635 696 2708 quae
712 2608 792 2684 sola
809 2613 933 2709 vulgo
948 2626 1134 2698 vocatur,
1203 2670 1206 2675 .

132 2741 221 2801 arte
243 2722 458 2814 rhetorica3
496 2739 533 2796 at
558 2724 661 2798 mihi
689 2743 940 2824 opportunus
965 2727 1135 2799 maxime

132 2838 295 2914 videtur
316 2836 505 2939 ingrell'us
530 2839 576 2912 ab
599 2865 666 2927 eo,
696 2847 808 2934 cujus
832 2840 985 2941 aliquid
1007 2839 1136 2914 simile

198 3036 293 3090 dicent.
337 3035 431 3091 Turio.
450 3049 477 3087 et
492 3033 578 3088 Goth.
596 3040 666 3103 (tac.
685 3037 786 3104 Geso.)
808 3035 908 3110 discent
925 3055 988 3089 cum
1007 3038 1044 3090 sat
1063 3035 1136 3089 mni·

131 3121 168 3177 tin
184 3120 288 3182 codd„
309 3121 395 3183 malm
425 3120 512 3173 dicent
536 3121 609 3171 eninr
636 3123 735 3193 spectat
752 3122 785 3175 acl
801 3121 929 3175 dictiones
945 3120 1136 3195 discipulorum

132 3218 161 3267 2,
189 3222 222 3266 2,
246 3206 273 3259 6.
318 3205 410 3259 Guelf.
429 3219 565 3276 receptam
585 3203 638 3256 dat.

195 3307 225 3344 at
241 3291 312 3342 mihi.
356 3294 397 3341 Ira
414 3287 499 3343 Goth.
516 3293 529 3356 (
538 3301 587 3340 tac.
598 3289 700 3354 Geir.)
716 3306 778 3341 cnm
793 3284 869 3344 Voss'.
887 3300 914 3353 3.
929 3301 957 3340 et
971 3284 1138 3359 quibusdam

133 3371 197 3428 edd.
207 3389 275 3427 vett.
292 3373 393 3444 quibus
408 3373 475 3425 adde
489 3374 559 3430 Jcns.
569 3373 674 3426 Tarvis.
684 3387 710 3424 et
719 3374 817 3428 Vener.
846 3371 949 3430 Etiam,
965 3370 1016 3443 qni
1030 3370 1138 3443 primns

132 3459 174 3511 Ac
189 3459 265 3512 suasu
282 3455 446 3533 legendnm,
468 3456 573 3532 Regius
588 3457 618 3509 in
635 3457 703 3515 suis,
725 3471 751 3508 et
767 3455 865 3529 procul
881 3454 968 3508 dubio
983 3456 1011 3506 in
1027 3453 1139 3513 l'loreu-

133 3541 212 3601 tino,
235 3541 345 3595 invonit
362 3544 407 3593 Ae.
452 3542 531 3594 Gesn.
546 3559 609 3593 curn
626 3555 688 3593 cett.
703 3559 770 3593 rece.
785 3543 833 3593 Ac.
877 3539 928 3592 Sed
950 3538 1017 3591 inest
1032 3542 1140 3634 ppposr·

132 3625 360 3700 tioipcctausad
375 3626 490 3697 „quaes
478 3622 610 3698 sgolavul
596 3636 796 3683 ozovocnurst‘
820 3638 997 3702 egomrtem,
1014 3624 1067 3683 ait,
1082 3642 1139 3677 non

131 3709 299 3764 [entiocnm
316 3709 385 3785 vulg
388 3709 467 3761 oisto
485 3707 527 3762 [ed
542 3722 748 3781 „⁴⁴opportunus
766 3723 815 3761 cet
857 3711 919 3761 Hoc
935 3726 967 3760 eo
986 3727 1046 3759 mau
1031 3710 1073 3786 =ir
1094 3727 1142 3762 ve·

130 3812 198 3848 rum
220 3810 306 3867 puto,
330 3794 404 3865 quod
432 3794 594 3846 transeuntis
619 3792 695 3846 iltius
715 3792 863 3846 Acvisest
879 3809 947 3843 mox
964 3792 992 3843 in
1009 3794 1061 3855 kt,
1083 3812 1140 3868 quo

130 3881 226 3933 minus
242 3879 334 3931 credas
349 3878 467 3932 formam
484 3877 554 3931 hanc
567 3876 610 3931 bic
624 3881 748 3951 potitam.
793 3875 886 3933 Guett.
903 3877 950 3928 dat
963 3877 1012 3929 Ac.

173 4024 301 4079 Phoceu·
287 4045 314 4077 rs
346 4029 424 4079 Hom.
475 4023 554 4079 lliad.
588 4043 616 4095 9.
658 4019 795 4102 πρηκτῆρα
813 4043 844 4076 τι
866 4020 952 4098 ἔργων,
976 4021 1010 4074 ci.
1027 4022 1139 4077 Arinid.

127 4119 203 4183 442.
233 4121 260 4171 5
285 4139 325 4149 —
346 4103 529 4176 &simonianae
551 4099 617 4163 ratio
659 4127 754 4165 contra
771 4112 839 4162 P'at.
832 4129 877 4181 ..p
870 4122 937 4183 ..97
931 4104 1013 4161 V..oi
1025 4121 1053 4159 2.
1062 4111 1102 4166 Jei
1114 4107 1142 4161 b.

126 4187 231 4260 κᾶντα,
251 4186 355 4248 Μυθων
368 4216 397 4249 τι
410 4186 498 4271 ῥητῆρ
513 4194 614 4263 ἴμεναι,
700 4212 732 4251 ae
745 4193 818 4250 milti
840 4192 901 4248 vid
917 4206 976 4246 1¹01·
988 4192 1060 4247 cnr
