2596 4710
173 310 246 388 lua
408 290 466 362 Μ;
493 288 598 362 aaa·
628 285 945 384 omummut

68 462 72 475 Ι
176 509 242 559 cos
260 478 399 556 credo:
430 476 544 578 quod
569 475 771 577 apparebit
796 475 1027 576 diligentius
1051 476 1190 576 legen·

178 601 305 686 tibus,
362 618 463 694 quae
488 594 538 667 de
567 608 736 690 utraque
757 617 800 666 re
828 591 968 666 dicam.
1056 596 1191 667 Erunt

179 716 289 789 enim
315 711 433 811 plura
462 710 613 797 multo,
662 734 781 807 quam
804 733 906 807 quae
926 708 990 783 his
1012 707 1191 783 clemen*

133 832 231 911 amis
257 823 665 925 comprehenduntur.
744 822 867 924 Apud
886 822 1023 923 plures
1054 839 1191 898 aucto·

180 969 241 1018 res
260 943 361 1042 legi,
385 936 569 1040 placuiffe
589 938 849 1037 quibusdam,
873 964 1003 1014 unum
1019 940 1189 1014 omnino

174 1054 326 1164 statum
348 1051 435 1143 effe,
469 1053 770 1151 conjecturalem.
834 1054 912 1129 Sed
935 1054 1086 1153 quibus
1107 1055 1190 1153 pla·

182 1174 328 1259 cuerit,
385 1194 517 1269 neque
542 1169 605 1243 illi
631 1168 898 1257 tradiderunt,
951 1194 1087 1267 neque
1117 1194 1189 1268 ego

182 1312 351 1384 usquam
384 1287 560 1384 reperire
596 1286 725 1383 potui.
804 1286 1019 1359 Rationem
1045 1300 1187 1357 'tamen

182 1402 285 1475 hanc
307 1398 432 1474 secuti
454 1398 668 1487 dicuutur,
707 1397 820 1498 quod
837 1425 898 1475 res
917 1390 1047 1474 omnis
1073 1398 1189 1498 [ignis

184 1518 451 1614 colligeretur.
490 1540 572 1612 quo
595 1513 718 1589 modo
735 1516 839 1601 licet,
868 1516 1067 1613 qualitatis
1090 1540 1189 1613 quo·

185 1657 263 1731 que
278 1630 416 1721 solum
427 1627 571 1703 statum
583 1627 746 1704 faciunt:
776 1631 872 1729 quia
893 1630 1067 1730 ubique,
1097 1654 1189 1730 qua·

186 1749 236 1820 lis
269 1744 315 1819 fit
349 1750 544 1845 cujusque
578 1747 636 1818 rei
664 1758 825 1832 natura,
878 1746 1019 1845 quaeri
1052 1741 1187 1846 potest.

188 1860 265 1935 Sed
290 1877 545 1959 utrocunque
568 1858 691 1935 modo
712 1856 899 1967 sequetur
921 1856 1078 1935 summa
1099 1884 1189 1936 con·

1 2047 3 2054 s
142 1974 304 2066 30fuiio.
374 1977 522 2074 Neque
547 1972 729 2063 interest,
774 2000 906 2050 uuum
928 1972 1236 2076 quis'statumu‘

31 2078 37 2097 ¹
188 2090 325 2181 saciat,
359 2116 411 2167 au
427 2091 609 2178 nullum,
636 2088 822 2166 fiomnes
842 2088 977 2187 causae
990 2089 1086 2171 suut
1101 2115 1191 2168 con·

204 2407 207 2412 .
253 2360 298 2392 un.
313 2336 460 2414 onustat.
503 2336 591 2395 Goth.
612 2337 679 2405 (tac.
696 2338 793 2415 Geso.)
814 2339 923 2393 omittit
938 2360 1007 2395 omn.
1030 2338 1106 2395 solua
1119 2336 1194 2414 quod
1237 2370 1239 2379 ·

190 2422 281 2478 [cimn.
470 2424 563 2477 onmis.
606 2420 694 2479 Goth.
718 2437 744 2475 et
762 2425 833 2481 Jenr.
861 2430 874 2494 (
884 2439 933 2478 tao
954 2422 1062 2503 Geta.)
1099 2442 1192 2483 omnes,

188 2506 264 2580 quod
286 2505 464 2559 necessarium
483 2506 514 2559 ud
530 2504 667 2581 reliquam
684 2508 836 2563 eorundem
851 2523 878 2562 et
891 2509 966 2564 Voff.
983 2524 1013 2564 2.
1031 2509 1193 2584 scripturam

189 2593 355 2664 colliguntur
375 2609 427 2664 pro
448 2591 635 2666 colligeretur,
671 2611 829 2666 quanquam
859 2593 950 2648 veteri
979 2611 1058 2648 more
1088 2606 1195 2669 poterat

188 2682 273 2731 omnis
288 2675 339 2728 effe
354 2674 479 2748 pluralis.
522 2676 575 2729 Sed
594 2696 683 2730 omues
698 2706 738 2720 —
752 2678 916 2752 colliguntur
937 2677 974 2734 est
993 2680 1024 2732 in
1047 2678 1111 2736 edd.
1135 2694 1194 2731 ante

187 2759 265 2815 Balil.
288 2759 421 2813 omuibus
438 2775 547 2833 praeter
562 2758 625 2814 ΑΜ.
667 2758 757 2816 Levia
780 2762 953 2823 differentia,
983 2763 1061 2835 quod
1078 2760 1194 2817 Bamal-

189 2849 387 2917 tera(1519)
406 2859 433 2896 et
451 2846 561 2899 cenric.
580 2845 646 2897 daut
661 2847 832 2919 colligamur.
877 2847 957 2902 Possit
979 2846 1088 2921 placere
1109 2867 1194 2901 omues

187 2957 230 2972 ·-
243 2930 416 3001 colliguntur,
440 2944 471 2982 ut
487 2934 539 3002 Qu.
555 2929 610 3002 ipse
625 2933 789 3008 agnoverit,
810 2931 888 3004 quod
905 2933 1071 3005 colliguntur
1093 2934 1107 3002 (
1115 2933 1150 2986 cf.
1170 2952 1193 2990 1,

190 3027 218 3073 Ω,
242 3028 259 3067 2
280 3014 353 3088 quod
375 3043 417 3055 -
437 3013 578 3087 consulam
599 3042 640 3057 -
662 3017 734 3088 quod
756 3046 797 3058 -
821 3017 956 3084 videtur.)
989 3035 1053 3070 cum
1078 3019 1194 3091 praeser-

189 3099 240 3151 tim
257 3099 431 3172 inqualitate
446 3097 501 3151 hoc
515 3098 644 3152 omuibus
665 3100 717 3152 effe
739 3118 887 3153 commuue
902 3100 1036 3154 affirmet:
1068 3106 1133 3177 quia
1155 3126 1193 3145 ··

187 3180 276 3256 polest
298 3188 312 3247 (
319 3201 375 3235 uou
397 3180 507 3256 poffit).
548 3183 598 3235 Sed
615 3183 727 3258 languet
744 3205 832 3237 omnes
847 3205 888 3237 rus
902 3204 966 3257 prae
981 3189 1066 3238 omnis
1080 3207 1132 3240 res.

252 3267 397 3340 quomodo
413 3267 483 3319 licet.
527 3267 572 3319 Sic
590 3268 682 3320 Guelf.
706 3271 751 3320 etii
774 3270 934 3321 continuata
951 3269 1097 3340 scriptura.
1142 3268 1194 3324 Ple·

190 3367 289 3421 raeque
312 3349 373 3402 edd.
400 3364 468 3402 vert.
492 3353 707 3423 quomodolibet,
746 3353 804 3425 post
825 3371 907 3425 quam
928 3371 1027 3405 vocem
1049 3353 1195 3428 interpun-

189 3449 269 3507 guut.
292 3449 324 3486 ut
336 3435 392 3507 ipse
408 3432 509 3493 Goth..
535 3450 561 3486 et
576 3436 689 3506 quidem
704 3439 824 3489 maxima
840 3436 1016 3490 diremtione.
1064 3438 1194 3500 Pessime;

185 3517 260 3571 Voss'.
285 3533 313 3571 2.
342 3537 400 3571 nou
422 3534 609 3577 memoratur,
653 3520 739 3573 ceteri
761 3538 858 3575 omues
881 3522 1014 3575 videntur
1040 3519 1099 3578 hoo
1120 3523 1194 3578 vitio

186 3619 285 3654 carere.
459 3600 596 3676 sequatur.
640 3602 716 3657 Alm.
732 3621 759 3657 et
777 3606 872 3659 Turio.
890 3605 1057 3680 sequeretur.

241 3683 318 3757 suut.
361 3686 510 3739 ItaGueif.
526 3703 553 3740 et
571 3686 657 3742 Goth.
703 3689 805 3748 Ceteri,
827 3705 963 3762 quantum
980 3691 1076 3750 video,
1099 3708 1196 3745 omnen

181 3765 251 3839 fine,
281 3769 330 3820 niu
355 3768 429 3822 forte
452 3770 609 3849 neglectum
632 3770 686 3824 hoc
702 3775 731 3825 in
748 3773 835 3828 codd.
861 3773 1044 3847 conserendis.
1091 3779 1196 3850 Sponte

183 3852 351 3905 succurreret
366 3853 549 3915 indicativus,
577 3876 641 3910 cum
658 3860 841 3929 conjunctivo
857 3877 914 3912 uou
928 3862 961 3911 fit
976 3857 1066 3911 locus·

215 4044 312 4121 fignis.
355 4050 389 4103 cf.
408 4063 436 4118 5.
459 4072 526 4127 oq.
549 4055 660 4110 sortaffe
702 4056 753 4111 iilo
770 4056 847 4118 loco,
869 4056 920 4111 ubi
941 4076 956 4112 ι
977 4059 1134 4135 τεκμηρίοις
1155 4060 1193 4115 di·

179 4144 269 4184 tuuen
289 4130 336 4185 hic
356 4133 438 4191 latius
454 4140 554 4215 occipit
573 4160 658 4214 quam
701 4144 802 4196 [ceruit
824 4145 932 4213 omia.
