2596 4710
29 285 35 305 ·
84 324 87 337 .
168 280 272 405 ,με
443 276 500 346 Μ.
522 276 625 349 aaa.
647 273 999 373 qumrnum·

193 463 394 547 mittendi
418 466 500 541 'Sic
514 463 708 540 discernet
720 463 817 539 haec
830 460 993 539 dicendi
1009 456 1202 561 magister,

196 608 281 683 quo
295 579 419 657 modo
433 576 683 680 palaestricum
698 580 768 653 ille
783 576 983 654 cursorem
995 575 1124 664 saciet,
1135 592 1204 653 aut

194 698 396 801 pugilem,
417 712 486 771 aut
503 696 755 783 luctatorem,
776 693 939 771 aliudve
957 691 1057 793 quid
1077 694 1203 780 exiis,

168 835 300 913 aquae
319 808 411 887 sunt
433 809 632 886 sacrorum
652 811 924 885 certaminum.
946 830 957 843 ⁶
982 813 1131 883 Verum
1146 810 1204 897 ei,

168 926 173 935 '
194 929 269 1027 qui
291 924 383 1000 foro
405 924 683 1013 destinabitur,
719 948 804 1001 non
831 926 877 1000 in
902 948 1025 999 unam
1048 938 1204 1023 partem

195 1042 389 1139 aliquam,
416 1037 484 1115 sed
502 1042 543 1114 in
560 1043 712 1128 omnia,
733 1038 938 1139 quaesunt
953 1042 1039 1132 ejus
1058 1039 1203 1138 operis,

195 1157 314 1231 etiam
341 1153 369 1229 si
395 1181 473 1253 qua
498 1153 720 1231 difficiliora
744 1151 909 1229 discenti
933 1152 1203 1243 videbuntur,

120 1343 123 1353 ,
192 1269 485 1359 elaborandum
499 1268 564 1344 est.
595 1273 703 1344 Nam
716 1286 755 1343 et
771 1272 938 1345 omniuo
956 1265 1201 1368 supervacua

169 1401 280 1467 9erat
297 1383 495 1473 doctrina,
525 1384 553 1458 sr
569 1401 711 1460 natura
726 1382 929 1459 sufficeret.
987 1384 1051 1459 An
1066 1379 1095 1456 st
1110 1386 1202 1483 quis

168 1498 359 1605 ingenio
391 1506 605 1599 corruptus
638 1526 681 1574 ac
709 1499 910 1588 tumidus,
942 1511 990 1575 ut
1016 1501 1201 1599 plerique

115 1642 117 1647 ·
194 1613 306 1702 sunt,
338 1615 544 1702 inciderit,
580 1616 625 1689 in
653 1615 732 1690 hoc
763 1640 857 1690 eum
887 1618 947 1690 ire
975 1614 1200 1714 patiemurl

195 1729 353 1805 aridum
370 1745 489 1829 atque
513 1733 696 1823 jejunum
717 1752 801 1805 non
828 1728 999 1820 alemus,
1027 1746 1068 1805 ct
1088 1725 1199 1830 quasi

191 1843 432 1920 vestiemus?
497 1846 606 1920 Nam
630 1841 658 1917 fi
685 1844 879 1943 quaedam
905 1840 1109 1921 detrahere
1126 1868 1200 1919 ne-

193 1955 396 2034 cessarium
409 1952 482 2048 est,
512 1985 585 2035 cur
601 1985 687 2035 non
705 1956 749 2033 fit
766 1958 933 2053 adjicere
949 1954 1199 2036 concessum?

149 2036 340 2173 ¹⁰Neque
355 2100 429 2175 ego
448 2092 585 2154 contra
603 2090 784 2148 naturam
797 2099 948 2176 pugno.
978 2078 1076 2152 Non
1089 2077 1200 2151 enim

193 2187 457 2265 deterendum
473 2189 518 2263 id
533 2190 699 2285 bonum,
717 2184 746 2263 si
763 2189 900 2288 quod
889 2193 1116 2290 nigenitum
1131 2187 1199 2278 esi,

193 2303 387 2391 existimo,
405 2303 474 2377 sed
490 2304 738 2403 augendum,
758 2304 1068 2405 addendumque
1085 2303 1200 2405 quod

149 2413 316 2493 nceslat.
384 2421 448 2493 An
476 2444 573 2494 vero
605 2418 827 2495 clarislimus
861 2420 930 2494 ille
966 2436 1199 2521 praeceptor

254 2615 357 2671 alemus
366 2630 401 2669 et.
421 2613 516 2670 Turic.
527 2609 622 2670 inserit
631 2629 699 2671 certe
708 2633 839 2672 eumcum
851 2608 925 2672 alm.
948 2612 1040 2673 Guelf.
1050 2636 1109 2671 eum
1118 2632 1196 2671 certe.

252 2700 434 2753 deterendum.
476 2700 570 2755 Guels.
586 2701 779 2778 differendum,
800 2721 850 2776 per
864 2720 987 2755 errorem
1008 2719 1060 2775 pto
1076 2700 1197 2776 deseren-

188 2783 252 2837 dam
266 2783 341 2857 quod
359 2784 438 2837 estin
454 2783 604 2858 plerisque,
621 2799 652 2838 ut
661 2784 748 2840 Goth.
771 2786 833 2845 Sed,
849 2802 989 2840 auctorem
1004 2784 1212 2847 matusalam,

185 2881 261 2921 recte
275 2867 445 2920 «lacerandam
460 2866 584 2922 vindicat
599 2872 784 2931 Burmannus,
800 2870 874 2942 quod
891 2887 918 2924 et
928 2869 998 2927 Obr.
1012 2869 1124 2944 recepit.
1141 2868 1197 2922 sor-

188 2950 253 3005 telle
263 2970 298 3004 ex
306 2954 538 3027 Argentorateusr.
624 2952 779 3024 ingenitum.
802 2955 896 3008 Turic.
907 2969 935 3008 et
944 2952 1018 3009 Alm.
1029 2957 1174 3028 ingenium.

187 3035 232 3090 Aa
246 3054 318 3090 cero.
347 3038 388 3088 lta
403 3051 431 3089 et
446 3035 538 3090 Guell.
554 3055 617 3090 cum
633 3036 765 3092 omnibus
782 3037 870 3094 codd.
888 3051 998 3113 praeter
1013 3037 1100 3093 Goth.
1122 3034 1194 3092 Edd-

231 3183 413 3263 palaestricus.
447 3187 481 3241 cs.
502 3206 573 3263 qnae
597 3188 671 3261 dicta
713 3190 783 3246 Ner.
797 3193 848 3257 12)
865 3190 1011 3269 gymnicos
1024 3188 1106 3244 ludos
1121 3186 1193 3242 insti-

187 3269 298 3324 suntad
326 3291 352 3331 r,
371 3292 417 3331 ιι,
437 3285 484 3339 15.
714 3275 785 3335 tuit,
806 3290 834 3328 et
855 3274 1036 3329 Domitianus
1057 3272 1195 3343 (ib.l)0·

224 3352 364 3427 sacrorum
380 3358 559 3410 certaminum.
583 3354 671 3420 „Tsa-
712 3360 774 3412 mit.
789 3362 830 3430 4)
853 3359 1013 3431 Capitolino
1033 3359 1102 3416 Jovi
1123 3358 1196 3428 ejus·

188 3434 352 3511 ..σαρὲςείσιν
369 3431 465 3507 adraim
482 3433 523 3494 ἄν’
535 3434 669 3502 Ἐλλάδα.
712 3441 855 3496 demmodi
877 3458 1015 3496 certamen
1039 3443 1197 3514 quinquen·

186 3521 327 3598 ,astupet
350 3516 447 3600 spesd‘
475 3524 533 3578 vid.
552 3525 685 3601 Anthol„
712 3526 773 3581 nale
800 3527 966 3586 edomavit,
1003 3527 1081 3597 cuju·
1111 3525 1197 3600 ipsius

187 3607 240 3679 Ep.
266 3625 308 3680 pr.
333 3609 407 3681 apud
436 3607 557 3664 Brunck·
588 3610 669 3665 Anal.
712 3611 884 3664 mentionem
904 3611 968 3664 lacit
983 3609 1073 3664 noller
1088 3622 1116 3677 3,
1133 3616 1197 3681 Μ

186 3687 252 3746 Vol.
270 3704 299 3756 3.
319 3704 347 3763 p.
364 3700 434 3762 247.
477 3694 529 3746 Sed
545 3696 598 3766 Qu.
615 3700 670 3751 Ro·
708 3693 858 3769 sacaumet
874 3696 964 3769 ipsum
977 3711 1091 3750 vocant.
1115 3692 1150 3748 cs.
1167 3705 1197 3747 et

185 3790 267 3825 mana
283 3776 432 3829 certamina
447 3775 604 3856 intelligere
613 3798 671 3833 ma·
712 3796 741 3853 9,
755 3790 785 3853 4,
803 3799 849 3833 ιι.

185 3856 229 3936 gia
245 3856 281 3911 ess
294 3859 443 3930 putandus,
458 3875 541 3933 quam
557 3864 669 3924 Graeca,
754 3869 810 3938 ing.
835 3879 985 3938 corruptus.
1022 3861 1083 3918 vid.
1107 3859 1146 3915 ad'
1168 3873 1197 3921 α,

184 3940 219 3994 ιὰ
239 3959 361 4014 quorum
380 3944 595 4000 aemulationem
611 3951 669 4001 Au·
710 3956 744 4014 3.
766 3968 795 4022 9.

182 4025 277 4101 gustus
310 4027 429 4100 Neapoli
471 4032 568 4096 (Suet.
591 4030 665 4109 Aug.
752 4034 778 4085 in
796 4032 845 4087 hoc
859 4061 900 4076 -
918 4036 965 4086 ire.
995 4030 1100 4086 Eadem
1119 4027 1196 4083 locu·

7 4149 14 4157 .
64 4116 80 4123 ·’
181 4110 462 4183 98).Neroautem
479 4115 665 4187 Romae(ib.
708 4116 803 4173 ticeli
824 4119 1195 4190 2,10,5iacorptueaut.
