2596 4710
169 318 243 387 orti
407 310 465 383 Μ.
489 310 592 381 FAB.
619 304 936 402 QUINTEIANI

169 526 256 581 non
279 496 442 586 stultus,
477 513 596 597 atque
619 492 673 570 ab
693 494 808 571 omni
828 484 993 595 prorsus
1016 488 1099 569 usu
1123 488 1186 569 di·

173 614 292 691 cendi
310 630 510 701 remotus,
540 614 642 711 quin
660 606 771 698 sciat,
798 622 838 684 et
860 608 962 708 quid
986 610 1107 683 litem
1127 604 1186 683 fa-

174 731 251 809 ciat
271 730 403 831 (quod
418 731 466 805 ab
480 728 561 803 illis
577 721 698 836 causa
711 726 777 801 vel
792 726 982 801 continens
1001 724 1186 820 dicitur),

175 860 216 921 et
228 870 330 945 quae
343 844 392 919 lit
408 846 514 922 inter
527 844 726 943 litigantes
744 834 940 941 quaestio,
967 855 1008 915 et
1025 834 1079 915 de
1100 866 1184 939 quo

176 956 347 1056 iudicari
383 972 573 1059 oporteat.
627 980 730 1057 quae
765 956 900 1031 omnia
931 950 1044 1029 idem
1078 950 1182 1031 sunt

176 1078 286 1153 Nam
311 1086 351 1147 et
371 1072 422 1149 de
444 1098 494 1153 eo
516 1066 693 1174 quaestio
711 1065 786 1159 est,
816 1064 930 1169 quod
954 1070 1001 1146 in
1022 1084 1184 1147 contro·

177 1184 344 1267 verlinn
366 1190 501 1267 venite
556 1200 596 1263 et
618 1187 669 1263 de
692 1211 741 1263 eo
765 1182 988 1281 iudicatur,
1025 1185 1078 1261 de
1100 1210 1183 1285 quo

133 1321 174 1379 ¹5
182 1300 358 1405 quaestio
382 1298 448 1379 est.
506 1300 584 1379 sad
609 1328 693 1379 non
718 1315 913 1403 perpetuo
936 1300 1187 1377 intendimus

120 1440 130 1459 ¹
179 1420 225 1495 in
240 1420 337 1495 haec
354 1420 547 1509 animm,
576 1432 628 1507 et,
657 1416 874 1517 cupiditate
890 1416 1022 1493 laudis
1040 1431 1187 1493 utcun-

180 1558 262 1634 que
284 1534 548 1633 acquirendae
572 1534 639 1609 vel
661 1528 824 1607 dicendi
840 1530 1073 1634 voluptate„
1095 1554 1188 1607 eva-

181 1670 345 1749 gamur:
376 1648 539 1749 quando
557 1650 720 1725 uberior
735 1646 889 1747 semper
908 1662 1016 1721 extra
1032 1644 1190 1723 caulam

181 1766 345 1840 materia
358 1758 434 1849 est,
460 1766 553 1863 quia
580 1765 625 1837 in
649 1756 915 1837 controverlia
936 1782 1059 1863 pauca
1079 1758 1191 1851 sunt,

182 1892 289 1951 extra
303 1878 458 1952 omniat
487 1890 526 1951 et
541 1872 607 1951 hic
630 1876 778 1951 <licitur
794 1874 845 1951 de
867 1878 935 1965 iis,
965 1901 1065 1977 quae
1082 1902 1193 1951 acce-

138 1992 338 2093 tfipimu53
370 1992 478 2081 illio,
504 1988 555 2067 (le
573 1986 722 2091 quibus
738 1992 942 2068 volumus.
999 1996 1192 2067 Nectarii

182 2102 262 2182 lroc
278 2106 606 2208 praecipiendum
623 2104 691 2195 est,
719 2121 766 2182 ut
782 2104 1065 2207 quaestionem,
1096 2134 1192 2185 cou-

183 2224 336 2311 tinens‚
392 2221 680 2315 iudicationem
709 2224 964 2299 inveniamus
995 2224 1139 2321 (nam.
1148 2220 1192 2299 id

183 2334 485 2437 quidem'facile
499 2332 598 2435 est),
632 2358 755 2437 quam
778 2352 825 2413 ut
842 2340 1075 2415 intueamur
1092 2307 1192 2415 (em-

182 2530 258 2597 laoll.
279 2532 416 2595 retemta
432 2536 529 2594 Badio.
574 2540 698 2614 Apparet
710 2534 859 2595 librarium
880 2556 934 2617 pro
955 2538 1038 2599 modo
1059 2562 1116 2599 non
1135 2560 1195 2599 rur-

182 2616 263 2683 luille
285 2618 343 2697 rifi.
397 2622 471 2678 Nam
497 2622 574 2697 quod
595 2626 675 2679 orado
697 2624 816 2687 Badiur.
847 2624 1010 2700 improbatio
1034 2640 1129 2683 timeo
1150 2626 1194 2685 tui

184 2704 297 2763 Codicis
319 2705 498 2781 [cripturam.
526 2707 726 2783 interpretatur
740 2708 834 2771 horta.
857 2710 907 2767 lior
923 2724 1061 2787 tempore.
1082 2714 1115 2767 id
1130 2710 1194 2767 alie·

161 2804 262 2845 mum.
305 2790 340 2843 cf.
362 2804 421 2845 not.
444 2810 488 2846 ex.
512 2792 546 2845 ad
568 2797 693 2847 Prooem.
713 2794 759 2848 ist.

249 2876 277 2929 in
299 2874 485 2952 controverfia.
528 2878 623 2931 Turio.
646 2878 664 2932 i.
682 2874 886 2957 controuersiam
905 2896 971 2935 com
992 2876 1069 2937 alm.
1094 2879 1139 2937 led
1163 2882 1193 2935 iu

183 2952 236 3013 illo
252 2960 397 3018 olecuurla
411 2978 495 3014 minu
510 2964 581 3015 iutra
594 2958 807 3038 controversiam,
827 2964 904 3037 quod
921 2966 1011 3039 ipsum
1027 2964 1192 3025 habetote

183 3041 292 3103 Placet,
320 3045 372 3103 uili
386 3044 464 3118 quod
479 3046 599 3101 nimium
617 3047 798 3123 geminantur
817 3047 934 3104 voculae
955 3049 1019 3103 illae
1039 3052 1069 3103 in
1088 3068 1134 3106 era
1148 3070 1195 3105 ex·

184 3142 292 3181 euntes.
461 3142 541 3184 carra
555 3134 653 3187 omnia.
690 3130 778 3187 Goth.
795 3130 891 3200 (solur.
912 3144 945 3187 ot
960 3132 1089 3203 videtur)
1104 3156 1195 3190 exent-

183 3210 233 3285 pla
247 3228 273 3267 o.
295 3210 330 3265 et.
347 3226 374 3272 1,
393 3226 442 3273 ιο,
457 3222 509 3285 48·
696 3216 754 3271 Noc
775 3230 839 3271 ram.
882 3216 979 3273 Turio.
995 3234 1024 3273 et
1037 3218 1134 3277 Guelt.
1155 3219 1194 3274 Ν.

184 3310 274 3351 tamer
291 3313 355 3349 cunr
376 3298 449 3355 Jenl.
470 3304 540 3363 (tto.
559 3296 664 3374 Gelo.)
685 3298 770 3355 Tarv.
793 3302 874 3356 llulo.
896 3302 1014 3371 (eoum
1034 3302 1134 3360 Locat.
1158 3304 1194 3359 ef.

183 3376 299 3452 μγ.)
321 3378 384 3433 Ald.
428 3380 481 3437 Sed
499 3398 572 3444 eam.
600 3383 677 3456 qood
702 3381 809 3463 Regius
829 3388 884 3456 jam
908 3387 1047 3461 reposuit.
1075 3404 1194 3443 tuentur

183 3464 271 3519 multi
287 3462 376 3520 Codd.
393 3479 427 3519 ut
442 3466 526 3521 Goth.
544 3480 573 3521 et
591 3466 724 3530 Vilicus..
745 3462 883 3525 referente
897 3468 994 3527 lindio.

247 3553 404 3603 intueamur.
444 3552 517 3611 Jent
540 3556 674 3608 intuamur
695 3554 772 3623 quod
796 3574 811 3609 e
832 3554 951 3612 Valleuli
973 3573 1090 3629 quoque
1114 3556 1195 3611 aliern

182 3629 303 3691 Bidios,
331 3645 462 3706 tanquam
486 3634 578 3689 veteri
598 3650 744 3711 praerepto
766 3640 992 3695 consentaneum:
1030 3642 1107 3702 „nic
1128 3656 1194 3695 tuor

182 3714 327 3791 ..inspicio
350 3729 433 3771 tueor
450 3718 598 3773 defendere
614 3721 733 3775 dicetne·
775 3726 826 3777 Sed
836 3724 931 3797 Quint.
941 3742 1034 3797 neque
1049 3725 1117 3780 tolet
1133 3728 1196 3781 alle·

182 3812 258 3855 ctare
273 3802 427 3856 orationem
443 3802 650 3867 Lucretianam,
669 3824 762 3880 neque
778 3822 867 3861 metro
882 3808 1003 3886 oogitur.
1030 3810 1118 3864 Tarv.
1130 3829 1195 3866 cum

181 3883 254 3944 Jonl.
270 3901 328 3938 non
345 3886 420 3941 licit.
446 3888 480 3941 cf.
498 3890 584 3957 §.tta
663 3920 666 3925 ·
748 3890 854 3966 seraper
870 3910 916 3946 aut
931 3911 1010 3948 certe.
1054 3896 1153 3949 Turio.
1168 3905 1197 3949 et

182 3964 277 4025 Grrell.
289 3966 316 4044 s.
330 3988 356 4023 a.
374 3988 445 4026 cetra
460 3990 523 4027 cum
535 3972 609 4029 Voll'.
628 3990 654 4029 ι.
672 3984 700 4042 3.
723 3976 805 4030 lleru.
824 3990 850 4030 et
864 3974 1006 4037 edildeul.
1022 3982 1089 4043 (rac.
1099 3982 1197 4046 Gelu.)

182 4066 211 4107 at
225 4054 310 4108 Tarv.
328 4055 405 4127 quod
421 4059 544 4111 correxit
554 4054 667 4136 llegius.
697 4057 787 4115 Aldus
804 4058 902 4115 ordine
917 4074 1026 4117 rnutoro
1039 4061 1066 4137 s.
1082 4082 1156 4118 certa
1170 4088 1198 4119 a.

184 4138 261 4192 Certe
277 4134 329 4192 elle
346 4134 376 4192 in
386 4136 504 4196 Vallertll
521 4156 614 4196 narrat
629 4142 696 4199 trad.
726 4144 883 4220 Displicent
900 4148 959 4200 [aue
974 4148 1116 4225 geminata
1131 4149 1201 4205 liaeo

182 4232 252 4275 eam
274 4236 303 4277 et
328 4236 397 4279 mox
416 4220 517 4299 saltem
538 4226 585 4296 (et
606 4244 639 4290 t.
661 4240 697 4297 3.
722 4234 789 4301 ιιι),
819 4248 910 4307 neque
934 4244 1026 4287 tameo
1049 4248 1088 4285 ex
1110 4234 1203 4289 altero
