<?xml version="1.0" encoding="UTF-8"?>
<!DOCTYPE html PUBLIC "-//W3C//DTD XHTML 1.0 Transitional//EN"
    "http://www.w3.org/TR/xhtml1/DTD/xhtml1-transitional.dtd">
<html xmlns="http://www.w3.org/1999/xhtml" xml:lang="en" lang="en">
 <head>
  <title>
</title>
<meta http-equiv="Content-Type" content="text/html;charset=utf-8" />
  <meta name='ocr-system' content='tesseract 3.04.00' />
  <meta name='ocr-capabilities' content='ocr_page ocr_carea ocr_par ocr_line ocrx_word'/>
</head>
<body>
  <div class='ocr_page' id='page_1' title='image "./deinstitutioneo07quingoog_0706.png"; bbox 0 0 2596 4710; ppageno 0'>
   <div class='ocr_carea' id='block_1_1' title="bbox 299 314 1117 411">
    <p class='ocr_par' dir='ltr' id='par_1_1' title="bbox 299 314 1117 411">
     <span class='ocr_line' id='line_1_1' title="bbox 299 314 1117 411; baseline 0.006 -16"><span class='ocrx_word' id='word_1_1' title='bbox 299 326 420 395; x_wconf 87' lang='lat' dir='ltr'><strong>INST.</strong></span> <span class='ocrx_word' id='word_1_2' title='bbox 448 314 657 397; x_wconf 82' lang='lat' dir='ltr'>ORATOR.</span> <span class='ocrx_word' id='word_1_3' title='bbox 683 320 774 392; x_wconf 76' lang='grc' dir='ltr'><strong>ΠΒ.</strong></span> <span class='ocrx_word' id='word_1_4' title='bbox 792 323 859 411; x_wconf 85' lang='grc' dir='ltr'><strong>ΙΠ,</strong></span> <span class='ocrx_word' id='word_1_5' title='bbox 889 346 945 395; x_wconf 81' lang='grc' dir='ltr'><strong>ιο.</strong></span> <span class='ocrx_word' id='word_1_6' title='bbox 1047 329 1117 399; x_wconf 78' lang='lat' dir='ltr'><strong>ou</strong></span> 
     </span>
    </p>
   </div>
   <div class='ocr_carea' id='block_1_2' title="bbox 124 509 1207 2106">
    <p class='ocr_par' dir='ltr' id='par_1_2' title="bbox 124 509 1207 2106">
     <span class='ocr_line' id='line_1_2' title="bbox 125 509 1123 612; baseline 0.007 -26"><span class='ocrx_word' id='word_1_7' title='bbox 125 510 331 593; x_wconf 82' lang='lat' dir='ltr'><strong>a,du0bus</strong></span> <span class='ocrx_word' id='word_1_8' title='bbox 363 511 555 593; x_wconf 76' lang='lat' dir='ltr'><strong>dmrtaxtt</strong></span> <span class='ocrx_word' id='word_1_9' title='bbox 578 509 747 587; x_wconf 86' lang='lat' dir='ltr'><strong>eandem</strong></span> <span class='ocrx_word' id='word_1_10' title='bbox 774 535 880 601; x_wconf 85' lang='lat' dir='ltr'><strong>rem,</strong></span> <span class='ocrx_word' id='word_1_11' title='bbox 933 528 1050 612; x_wconf 84' lang='lat' dir='ltr'><strong>atque</strong></span> <span class='ocrx_word' id='word_1_12' title='bbox 1075 540 1123 593; x_wconf 85' lang='lat' dir='ltr'><strong>ex</strong></span> 
     </span>
     <span class='ocr_line' id='line_1_3' title="bbox 125 626 1122 729; baseline 0.005 -27"><span class='ocrx_word' id='word_1_13' title='bbox 125 626 265 702; x_wconf 85' lang='lat' dir='ltr'><strong>eadem</strong></span> <span class='ocrx_word' id='word_1_14' title='bbox 281 626 392 705; x_wconf 84' lang='lat' dir='ltr'><strong>causa</strong></span> <span class='ocrx_word' id='word_1_15' title='bbox 407 644 513 729; x_wconf 90' lang='lat' dir='ltr'><strong>petet</strong></span> <span class='ocrx_word' id='word_1_16' title='bbox 520 655 532 719; x_wconf 87' lang='lat'>;</span> <span class='ocrx_word' id='word_1_17' title='bbox 562 642 631 703; x_wconf 87' lang='lat' dir='ltr'><strong>aut</strong></span> <span class='ocrx_word' id='word_1_18' title='bbox 648 626 730 703; x_wconf 88' lang='lat' dir='ltr'><strong>duo</strong></span> <span class='ocrx_word' id='word_1_19' title='bbox 752 627 800 700; x_wconf 92' lang='lat' dir='ltr'><strong>ab</strong></span> <span class='ocrx_word' id='word_1_20' title='bbox 820 653 924 717; x_wconf 87' lang='lat' dir='ltr'><strong>uno;</strong></span> <span class='ocrx_word' id='word_1_21' title='bbox 953 645 1021 703; x_wconf 92' lang='lat' dir='ltr'><strong>aut</strong></span> <span class='ocrx_word' id='word_1_22' title='bbox 1033 632 1122 729; x_wconf 91' lang='lat' dir='ltr'><strong>plu·</strong></span> 
     </span>
     <span class='ocr_line' id='line_1_4' title="bbox 125 741 1121 845; baseline 0.003 -26"><span class='ocrx_word' id='word_1_23' title='bbox 125 768 188 819; x_wconf 87' lang='lat' dir='ltr'><strong>res</strong></span> <span class='ocrx_word' id='word_1_24' title='bbox 210 767 232 817; x_wconf 89' lang='lat' dir='ltr'><strong>a</strong></span> <span class='ocrx_word' id='word_1_25' title='bbox 252 745 455 845; x_wconf 85' lang='lat' dir='ltr'><strong>pluribus;</strong></span> <span class='ocrx_word' id='word_1_26' title='bbox 487 741 600 844; x_wconf 87' lang='lat' dir='ltr'><strong>quod</strong></span> <span class='ocrx_word' id='word_1_27' title='bbox 618 741 793 817; x_wconf 88' lang='lat' dir='ltr'><strong>accidere</strong></span> <span class='ocrx_word' id='word_1_28' title='bbox 813 742 857 817; x_wconf 92' lang='lat' dir='ltr'><strong>in</strong></span> <span class='ocrx_word' id='word_1_29' title='bbox 874 742 1121 824; x_wconf 81' lang='lat' dir='ltr'><strong>hereditariis</strong></span> 
     </span>
     <span class='ocr_line' id='line_1_5' title="bbox 124 856 1207 959; baseline 0.005 -26"><span class='ocrx_word' id='word_1_30' title='bbox 124 858 265 935; x_wconf 81' lang='lat' dir='ltr'><strong>litibus</strong></span> <span class='ocrx_word' id='word_1_31' title='bbox 291 860 453 935; x_wconf 87' lang='lat' dir='ltr'><strong>interim</strong></span> <span class='ocrx_word' id='word_1_32' title='bbox 477 856 641 937; x_wconf 81' lang='lat' dir='ltr'><strong>scimus:</strong></span> <span class='ocrx_word' id='word_1_33' title='bbox 698 860 814 957; x_wconf 83' lang='lat' dir='ltr'><strong>quia,</strong></span> <span class='ocrx_word' id='word_1_34' title='bbox 871 864 1052 959; x_wconf 84' lang='lat' dir='ltr'><strong>quamvis</strong></span> <span class='ocrx_word' id='word_1_35' title='bbox 1079 864 1122 937; x_wconf 90' lang='lat' dir='ltr'><strong>in</strong></span> <span class='ocrx_word' id='word_1_36' title='bbox 1204 936 1207 943; x_wconf 90' lang='grc'>,</span> 
     </span>
     <span class='ocr_line' id='line_1_6' title="bbox 124 971 1124 1074; baseline 0.004 -27"><span class='ocrx_word' id='word_1_37' title='bbox 124 972 263 1049; x_wconf 75' lang='lat' dir='ltr'><strong>multis·</strong></span> <span class='ocrx_word' id='word_1_38' title='bbox 278 973 479 1074; x_wconf 78' lang='lat' dir='ltr'><strong>personis,</strong></span> <span class='ocrx_word' id='word_1_39' title='bbox 514 971 625 1051; x_wconf 80' lang='lat' dir='ltr'><strong>causa</strong></span> <span class='ocrx_word' id='word_1_40' title='bbox 646 988 777 1049; x_wconf 85' lang='lat' dir='ltr'><strong>tamen</strong></span> <span class='ocrx_word' id='word_1_41' title='bbox 796 998 879 1049; x_wconf 85' lang='lat' dir='ltr'><strong>una</strong></span> <span class='ocrx_word' id='word_1_42' title='bbox 895 972 969 1062; x_wconf 76' lang='lat' dir='ltr'><strong>eti,</strong></span> <span class='ocrx_word' id='word_1_43' title='bbox 997 974 1069 1050; x_wconf 82' lang='lat' dir='ltr'><strong>nist</strong></span> <span class='ocrx_word' id='word_1_44' title='bbox 1096 973 1124 1051; x_wconf 80' lang='lat' dir='ltr'><strong>fi</strong></span> 
     </span>
     <span class='ocr_line' id='line_1_7' title="bbox 126 1084 1124 1191; baseline 0.004 -28"><span class='ocrx_word' id='word_1_45' title='bbox 126 1088 305 1165; x_wconf 88' lang='lat' dir='ltr'><strong>conditio</strong></span> <span class='ocrx_word' id='word_1_46' title='bbox 336 1088 595 1190; x_wconf 83' lang='lat' dir='ltr'><strong>personarum</strong></span> <span class='ocrx_word' id='word_1_47' title='bbox 628 1084 876 1191; x_wconf 85' lang='lat' dir='ltr'><strong>quaestiones</strong></span> <span class='ocrx_word' id='word_1_48' title='bbox 901 1093 1124 1167; x_wconf 82' lang='lat' dir='ltr'><strong>variaverit.</strong></span> 
     </span>
     <span class='ocr_line' id='line_1_8' title="bbox 124 1201 1148 1305; baseline 0.001 -25"><span class='ocrx_word' id='word_1_49' title='bbox 124 1201 340 1280; x_wconf 83' lang='lat' dir='ltr'><strong>Diversum</strong></span> <span class='ocrx_word' id='word_1_50' title='bbox 370 1206 433 1281; x_wconf 91' lang='lat' dir='ltr'><strong>his</strong></span> <span class='ocrx_word' id='word_1_51' title='bbox 461 1207 625 1305; x_wconf 77' lang='lat' dir='ltr'><strong>tertium</strong></span> <span class='ocrx_word' id='word_1_52' title='bbox 655 1229 799 1305; x_wconf 86' lang='lat' dir='ltr'><strong>genus,</strong></span> <span class='ocrx_word' id='word_1_53' title='bbox 835 1204 946 1303; x_wconf 86' lang='lat' dir='ltr'><strong>quod</strong></span> <span class='ocrx_word' id='word_1_54' title='bbox 976 1205 1148 1289; x_wconf 68' lang='lat' dir='ltr'><strong>dicituro</strong></span> 
     </span>
     <span class='ocr_line' id='line_1_9' title="bbox 125 1320 1123 1422; baseline 0.002 -27"><span class='ocrx_word' id='word_1_55' title='bbox 125 1324 455 1417; x_wconf 77' lang='lat' dir='ltr'><strong>conrparatioum:</strong></span> <span class='ocrx_word' id='word_1_56' title='bbox 507 1325 622 1415; x_wconf 78' lang='lat' dir='ltr'><strong>cujus</strong></span> <span class='ocrx_word' id='word_1_57' title='bbox 648 1320 709 1397; x_wconf 82' lang='lat' dir='ltr'><strong>rei</strong></span> <span class='ocrx_word' id='word_1_58' title='bbox 737 1334 920 1395; x_wconf 86' lang='lat' dir='ltr'><strong>tractatus</strong></span> <span class='ocrx_word' id='word_1_59' title='bbox 947 1322 990 1395; x_wconf 89' lang='lat' dir='ltr'><strong>in</strong></span> <span class='ocrx_word' id='word_1_60' title='bbox 1015 1338 1123 1422; x_wconf 86' lang='lat' dir='ltr'><strong>parte</strong></span> 
     </span>
     <span class='ocr_line' id='line_1_10' title="bbox 125 1432 1124 1535; baseline 0.004 -28"><span class='ocrx_word' id='word_1_61' title='bbox 125 1432 259 1509; x_wconf 75' lang='lat' dir='ltr'><strong>caulae</strong></span> <span class='ocrx_word' id='word_1_62' title='bbox 279 1432 467 1534; x_wconf 81' lang='lat' dir='ltr'><strong>frequens</strong></span> <span class='ocrx_word' id='word_1_63' title='bbox 489 1433 564 1511; x_wconf 82' lang='lat' dir='ltr'><strong>est:</strong></span> <span class='ocrx_word' id='word_1_64' title='bbox 593 1448 641 1509; x_wconf 90' lang='lat' dir='ltr'><strong>ut</strong></span> <span class='ocrx_word' id='word_1_65' title='bbox 662 1459 753 1513; x_wconf 90' lang='lat' dir='ltr'><strong>cum</strong></span> <span class='ocrx_word' id='word_1_66' title='bbox 774 1434 883 1535; x_wconf 86' lang='lat' dir='ltr'><strong>apud</strong></span> <span class='ocrx_word' id='word_1_67' title='bbox 902 1439 1124 1512; x_wconf 86' lang='lat' dir='ltr'><strong>centumvi-</strong></span> 
     </span>
     <span class='ocr_line' id='line_1_11' title="bbox 125 1547 1125 1657; baseline 0.003 -33"><span class='ocrx_word' id='word_1_68' title='bbox 125 1574 191 1626; x_wconf 91' lang='lat' dir='ltr'><strong>ros</strong></span> <span class='ocrx_word' id='word_1_69' title='bbox 215 1547 303 1648; x_wconf 87' lang='lat' dir='ltr'><strong>post</strong></span> <span class='ocrx_word' id='word_1_70' title='bbox 328 1551 401 1625; x_wconf 87' lang='lat' dir='ltr'><strong>alia</strong></span> <span class='ocrx_word' id='word_1_71' title='bbox 420 1551 625 1649; x_wconf 85' lang='lat' dir='ltr'><strong>quaeritur</strong></span> <span class='ocrx_word' id='word_1_72' title='bbox 651 1565 690 1623; x_wconf 86' lang='lat' dir='ltr'><strong>et</strong></span> <span class='ocrx_word' id='word_1_73' title='bbox 713 1548 810 1638; x_wconf 85' lang='lat' dir='ltr'><strong>hoc,</strong></span> <span class='ocrx_word' id='word_1_74' title='bbox 852 1551 954 1629; x_wconf 81' lang='lat' dir='ltr'><strong>Uter·</strong></span> <span class='ocrx_word' id='word_1_75' title='bbox 968 1552 1125 1657; x_wconf 72' lang='lat' dir='ltr'><strong>dignior</strong></span> 
     </span>
     <span class='ocr_line' id='line_1_12' title="bbox 124 1660 1123 1772; baseline 0.005 -35"><span class='ocrx_word' id='word_1_76' title='bbox 124 1661 336 1745; x_wconf 66' lang='lat' dir='ltr'><strong>hereditate</strong></span> <span class='ocrx_word' id='word_1_77' title='bbox 347 1660 436 1772; x_wconf 74' lang='lat' dir='ltr'><strong>fit?</strong></span> <span class='ocrx_word' id='word_1_78' title='bbox 471 1670 625 1740; x_wconf 88' lang='lat' dir='ltr'><strong>Rarum</strong></span> <span class='ocrx_word' id='word_1_79' title='bbox 644 1661 700 1738; x_wconf 88' lang='lat' dir='ltr'><strong>est</strong></span> <span class='ocrx_word' id='word_1_80' title='bbox 722 1680 875 1751; x_wconf 77' lang='lat' dir='ltr'><strong>autent,</strong></span> <span class='ocrx_word' id='word_1_81' title='bbox 902 1682 950 1739; x_wconf 90' lang='lat' dir='ltr'><strong>ut</strong></span> <span class='ocrx_word' id='word_1_82' title='bbox 968 1665 1011 1739; x_wconf 91' lang='lat' dir='ltr'><strong>in</strong></span> <span class='ocrx_word' id='word_1_83' title='bbox 1032 1664 1123 1743; x_wconf 85' lang='lat' dir='ltr'><strong>foro</strong></span> 
     </span>
     <span class='ocr_line' id='line_1_13' title="bbox 124 1775 1126 1879; baseline 0.001 -25"><span class='ocrx_word' id='word_1_84' title='bbox 124 1777 273 1872; x_wconf 87' lang='lat' dir='ltr'><strong>judicia</strong></span> <span class='ocrx_word' id='word_1_85' title='bbox 293 1795 457 1879; x_wconf 86' lang='lat' dir='ltr'><strong>propter</strong></span> <span class='ocrx_word' id='word_1_86' title='bbox 472 1778 515 1851; x_wconf 93' lang='lat' dir='ltr'><strong>id</strong></span> <span class='ocrx_word' id='word_1_87' title='bbox 532 1775 663 1853; x_wconf 84' lang='lat' dir='ltr'><strong>solum</strong></span> <span class='ocrx_word' id='word_1_88' title='bbox 681 1776 988 1855; x_wconf 86' lang='lat' dir='ltr'><strong>constituantur:</strong></span> <span class='ocrx_word' id='word_1_89' title='bbox 1026 1778 1126 1857; x_wconf 83' lang='lat' dir='ltr'><strong>ficut</strong></span> 
     </span>
     <span class='ocr_line' id='line_1_14' title="bbox 125 1888 1126 1991; baseline 0.003 -26"><span class='ocrx_word' id='word_1_90' title='bbox 125 1895 398 1981; x_wconf 82' lang='lat' dir='ltr'><strong>divinationes,</strong></span> <span class='ocrx_word' id='word_1_91' title='bbox 428 1917 529 1991; x_wconf 85' lang='lat' dir='ltr'><strong>quae</strong></span> <span class='ocrx_word' id='word_1_92' title='bbox 547 1888 650 1965; x_wconf 85' lang='lat' dir='ltr'><strong>fiunt</strong></span> <span class='ocrx_word' id='word_1_93' title='bbox 673 1891 724 1965; x_wconf 90' lang='lat' dir='ltr'><strong>de</strong></span> <span class='ocrx_word' id='word_1_94' title='bbox 745 1892 965 1967; x_wconf 81' lang='lat' dir='ltr'><strong>accusatore</strong></span> <span class='ocrx_word' id='word_1_95' title='bbox 983 1893 1126 1970; x_wconf 78' lang='lat' dir='ltr'><strong>eonsti-</strong></span> 
     </span>
     <span class='ocr_line' id='line_1_15' title="bbox 127 2004 1127 2106; baseline 0.004 -25"><span class='ocrx_word' id='word_1_96' title='bbox 127 2005 293 2096; x_wconf 88' lang='lat' dir='ltr'><strong>tueudo,</strong></span> <span class='ocrx_word' id='word_1_97' title='bbox 314 2023 352 2082; x_wconf 88' lang='lat' dir='ltr'><strong>et</strong></span> <span class='ocrx_word' id='word_1_98' title='bbox 365 2030 661 2106; x_wconf 86' lang='lat' dir='ltr'><strong>nonnunquam</strong></span> <span class='ocrx_word' id='word_1_99' title='bbox 676 2006 782 2081; x_wconf 87' lang='lat' dir='ltr'><strong>inter</strong></span> <span class='ocrx_word' id='word_1_100' title='bbox 799 2004 1004 2096; x_wconf 85' lang='lat' dir='ltr'><strong>delatores,</strong></span> <span class='ocrx_word' id='word_1_101' title='bbox 1025 2010 1127 2087; x_wconf 82' lang='lat' dir='ltr'><strong>Uter</strong></span> 
     </span>
    </p>
   </div>
   <div class='ocr_carea' id='block_1_3' title="bbox 54 2216 1126 2800">
    <p class='ocr_par' dir='ltr' id='par_1_3' title="bbox 54 2216 1126 2800">
     <span class='ocr_line' id='line_1_16' title="bbox 186 2216 1126 2300; baseline -0.001 -23"><span class='ocrx_word' id='word_1_102' title='bbox 186 2220 237 2300; x_wconf 81' lang='lat' dir='ltr'><strong>nifi</strong></span> <span class='ocrx_word' id='word_1_103' title='bbox 253 2219 290 2299; x_wconf 82' lang='lat' dir='ltr'><strong>fi.</strong></span> <span class='ocrx_word' id='word_1_104' title='bbox 333 2222 396 2277; x_wconf 83' lang='lat' dir='ltr'><strong>Hoc</strong></span> <span class='ocrx_word' id='word_1_105' title='bbox 417 2218 507 2277; x_wconf 76' lang='lat' dir='ltr'><strong>codd.</strong></span> <span class='ocrx_word' id='word_1_106' title='bbox 529 2237 624 2275; x_wconf 84' lang='lat' dir='ltr'><strong>ornnet</strong></span> <span class='ocrx_word' id='word_1_107' title='bbox 645 2218 710 2272; x_wconf 81' lang='lat' dir='ltr'><strong>dare</strong></span> <span class='ocrx_word' id='word_1_108' title='bbox 729 2216 863 2273; x_wconf 85' lang='lat' dir='ltr'><strong>videntur</strong></span> <span class='ocrx_word' id='word_1_109' title='bbox 882 2234 991 2294; x_wconf 82' lang='lat' dir='ltr'><strong>praeter</strong></span> <span class='ocrx_word' id='word_1_110' title='bbox 1004 2222 1079 2279; x_wconf 83' lang='lat' dir='ltr'><strong>Voii&#39;.</strong></span> <span class='ocrx_word' id='word_1_111' title='bbox 1098 2238 1126 2279; x_wconf 70' lang='grc' dir='ltr'><strong>α.</strong></span> 
     </span>
     <span class='ocr_line' id='line_1_17' title="bbox 127 2302 1125 2384; baseline -0.001 -21"><span class='ocrx_word' id='word_1_112' title='bbox 127 2322 155 2363; x_wconf 86' lang='lat' dir='ltr'><strong>et</strong></span> <span class='ocrx_word' id='word_1_113' title='bbox 170 2306 256 2363; x_wconf 78' lang='lat' dir='ltr'><strong>Goth.</strong></span> <span class='ocrx_word' id='word_1_114' title='bbox 270 2306 430 2363; x_wconf 72' lang='lat' dir='ltr'><strong>omittente·</strong></span> <span class='ocrx_word' id='word_1_115' title='bbox 438 2303 466 2383; x_wconf 80' lang='lat' dir='ltr'><em>fi</em></span> <span class='ocrx_word' id='word_1_116' title='bbox 480 2304 647 2379; x_wconf 71' lang='lat' dir='ltr'><strong>quibuscum</strong></span> <span class='ocrx_word' id='word_1_117' title='bbox 663 2302 769 2357; x_wconf 81' lang='lat' dir='ltr'><strong>iaciunt</strong></span> <span class='ocrx_word' id='word_1_118' title='bbox 783 2303 843 2357; x_wconf 82' lang='lat' dir='ltr'><strong>edd.</strong></span> <span class='ocrx_word' id='word_1_119' title='bbox 855 2323 930 2358; x_wconf 85' lang='lat' dir='ltr'><strong>meae</strong></span> <span class='ocrx_word' id='word_1_120' title='bbox 945 2321 1007 2359; x_wconf 81' lang='lat' dir='ltr'><strong>ante</strong></span> <span class='ocrx_word' id='word_1_121' title='bbox 1016 2308 1125 2384; x_wconf 63' lang='lat' dir='ltr'><strong>Gry-pir.</strong></span> 
     </span>
     <span class='ocr_line' id='line_1_18' title="bbox 54 2385 1126 2471; baseline 0.001 -25"><span class='ocrx_word' id='word_1_122' title='bbox 54 2458 59 2471; x_wconf 43' lang='grc' dir='ltr'>Ι</span> <span class='ocrx_word' id='word_1_123' title='bbox 127 2411 239 2453; x_wconf 71' lang='lat' dir='ltr'><strong>omnen,</strong></span> <span class='ocrx_word' id='word_1_124' title='bbox 268 2410 391 2465; x_wconf 85' lang='lat' dir='ltr'><strong>quonrm</strong></span> <span class='ocrx_word' id='word_1_125' title='bbox 412 2391 548 2444; x_wconf 76' lang='lat' dir='ltr'><strong>rationem</strong></span> <span class='ocrx_word' id='word_1_126' title='bbox 568 2388 680 2461; x_wconf 85' lang='lat' dir='ltr'><strong>repetiit</strong></span> <span class='ocrx_word' id='word_1_127' title='bbox 695 2385 850 2448; x_wconf 76' lang='lat' dir='ltr'><strong>Gibsonnr,</strong></span> <span class='ocrx_word' id='word_1_128' title='bbox 877 2390 918 2443; x_wconf 79' lang='lat' dir='ltr'><strong>[ed</strong></span> <span class='ocrx_word' id='word_1_129' title='bbox 934 2410 982 2463; x_wconf 82' lang='lat' dir='ltr'><strong>per·</strong></span> <span class='ocrx_word' id='word_1_130' title='bbox 999 2391 1126 2465; x_wconf 74' lang='lat' dir='ltr'><strong>[planiora.</strong></span> 
     </span>
     <span class='ocr_line' id='line_1_19' title="bbox 127 2470 1124 2552; baseline -0.002 -20"><span class='ocrx_word' id='word_1_131' title='bbox 127 2492 161 2532; x_wconf 89' lang='lat' dir='ltr'><strong>ut</strong></span> <span class='ocrx_word' id='word_1_132' title='bbox 174 2475 288 2550; x_wconf 84' lang='lat' dir='ltr'><strong>quidem</strong></span> <span class='ocrx_word' id='word_1_133' title='bbox 305 2476 428 2536; x_wconf 81' lang='lat' dir='ltr'><strong>videtur,</strong></span> <span class='ocrx_word' id='word_1_134' title='bbox 450 2474 584 2548; x_wconf 78' lang='lat' dir='ltr'><strong>quoniam</strong></span> <span class='ocrx_word' id='word_1_135' title='bbox 600 2475 630 2526; x_wconf 89' lang='lat' dir='ltr'><strong>iu</strong></span> <span class='ocrx_word' id='word_1_136' title='bbox 643 2471 723 2545; x_wconf 84' lang='lat' dir='ltr'><strong>Leid.</strong></span> <span class='ocrx_word' id='word_1_137' title='bbox 747 2472 783 2526; x_wconf 82' lang='lat' dir='ltr'><strong>est</strong></span> <span class='ocrx_word' id='word_1_138' title='bbox 799 2470 835 2548; x_wconf 81' lang='lat' dir='ltr'><strong>fi.</strong></span> <span class='ocrx_word' id='word_1_139' title='bbox 878 2472 1025 2551; x_wconf 77' lang='lat' dir='ltr'><strong>Eleganter</strong></span> <span class='ocrx_word' id='word_1_140' title='bbox 1039 2480 1124 2552; x_wconf 71' lang='lat' dir='ltr'><strong>gerni·</strong></span> 
     </span>
     <span class='ocr_line' id='line_1_20' title="bbox 125 2556 1125 2633; baseline 0 -18"><span class='ocrx_word' id='word_1_141' title='bbox 125 2561 189 2615; x_wconf 79' lang='lat' dir='ltr'><strong>nari</strong></span> <span class='ocrx_word' id='word_1_142' title='bbox 203 2561 414 2633; x_wconf 76' lang='lat' dir='ltr'><strong>conjunctiones</strong></span> <span class='ocrx_word' id='word_1_143' title='bbox 436 2558 512 2614; x_wconf 74' lang='lat' dir='ltr'><strong>brice</strong></span> <span class='ocrx_word' id='word_1_144' title='bbox 536 2574 563 2612; x_wconf 88' lang='lat' dir='ltr'><strong>et</strong></span> <span class='ocrx_word' id='word_1_145' title='bbox 583 2560 679 2612; x_wconf 76' lang='lat' dir='ltr'><strong>Barna.</strong></span> <span class='ocrx_word' id='word_1_146' title='bbox 702 2556 783 2610; x_wconf 81' lang='lat' dir='ltr'><strong>docet</strong></span> <span class='ocrx_word' id='word_1_147' title='bbox 805 2556 831 2608; x_wconf 84' lang='lat' dir='ltr'><strong>h.</strong></span> <span class='ocrx_word' id='word_1_148' title='bbox 850 2556 868 2610; x_wconf 90' lang='grc'><strong>1.</strong></span> <span class='ocrx_word' id='word_1_149' title='bbox 891 2572 918 2612; x_wconf 82' lang='lat' dir='ltr'><strong>et</strong></span> <span class='ocrx_word' id='word_1_150' title='bbox 933 2557 1074 2615; x_wconf 74' lang='lat' dir='ltr'><strong>Drakenb.</strong></span> <span class='ocrx_word' id='word_1_151' title='bbox 1090 2559 1125 2615; x_wconf 76' lang='lat' dir='ltr'><strong>ed</strong></span> 
     </span>
     <span class='ocr_line' id='line_1_21' title="bbox 125 2640 1123 2721; baseline -0.002 -20"><span class='ocrx_word' id='word_1_152' title='bbox 125 2645 193 2701; x_wconf 79' lang='lat' dir='ltr'><strong>Liv.</strong></span> <span class='ocrx_word' id='word_1_153' title='bbox 210 2645 238 2705; x_wconf 85' lang='lat'><strong>6,</strong></span> <span class='ocrx_word' id='word_1_154' title='bbox 262 2644 311 2704; x_wconf 78' lang='lat'><strong>26,</strong></span> <span class='ocrx_word' id='word_1_155' title='bbox 333 2656 351 2709; x_wconf 84' lang='lat'>5</span> <span class='ocrx_word' id='word_1_156' title='bbox 373 2645 440 2697; x_wconf 80' lang='lat' dir='ltr'><strong>irem</strong></span> <span class='ocrx_word' id='word_1_157' title='bbox 456 2642 638 2716; x_wconf 80' lang='lat' dir='ltr'><strong>Oudendorp.</strong></span> <span class='ocrx_word' id='word_1_158' title='bbox 654 2640 689 2695; x_wconf 78' lang='lat' dir='ltr'><strong>ad</strong></span> <span class='ocrx_word' id='word_1_159' title='bbox 707 2642 779 2697; x_wconf 77' lang='lat' dir='ltr'><strong>Cres.</strong></span> <span class='ocrx_word' id='word_1_160' title='bbox 795 2642 841 2695; x_wconf 79' lang='lat' dir='ltr'><strong>De</strong></span> <span class='ocrx_word' id='word_1_161' title='bbox 856 2642 889 2697; x_wconf 85' lang='grc' dir='ltr'><strong>Β.</strong></span> <span class='ocrx_word' id='word_1_162' title='bbox 905 2642 940 2699; x_wconf 81' lang='lat' dir='ltr'><strong>G·</strong></span> <span class='ocrx_word' id='word_1_163' title='bbox 953 2662 980 2704; x_wconf 76' lang='grc' dir='ltr'><strong>ι.</strong></span> <span class='ocrx_word' id='word_1_164' title='bbox 1003 2656 1051 2710; x_wconf 78' lang='lat'><strong>31,</strong></span> <span class='ocrx_word' id='word_1_165' title='bbox 1076 2654 1123 2721; x_wconf 75' lang='lat'><strong>14.</strong></span> 
     </span>
     <span class='ocr_line' id='line_1_22' title="bbox 127 2727 630 2800; baseline -0.004 -17"><span class='ocrx_word' id='word_1_166' title='bbox 127 2728 163 2783; x_wconf 80' lang='lat' dir='ltr'><strong>cf.</strong></span> <span class='ocrx_word' id='word_1_167' title='bbox 185 2727 267 2783; x_wconf 76' lang='lat' dir='ltr'><strong>nostr.</strong></span> <span class='ocrx_word' id='word_1_168' title='bbox 289 2737 323 2800; x_wconf 83' lang='lat'><strong>4,</strong></span> <span class='ocrx_word' id='word_1_169' title='bbox 350 2747 383 2787; x_wconf 83' lang='lat' dir='ltr'><strong>r,</strong></span> <span class='ocrx_word' id='word_1_170' title='bbox 405 2740 454 2793; x_wconf 83' lang='lat'><strong>70.</strong></span> <span class='ocrx_word' id='word_1_171' title='bbox 484 2736 522 2799; x_wconf 81' lang='lat'><strong>4,</strong></span> <span class='ocrx_word' id='word_1_172' title='bbox 542 2736 577 2799; x_wconf 82' lang='lat'><strong>4.</strong></span> <span class='ocrx_word' id='word_1_173' title='bbox 600 2739 630 2792; x_wconf 81' lang='lat'><strong>5.</strong></span> 
     </span>
    </p>
   </div>
   <div class='ocr_carea' id='block_1_4' title="bbox 128 2888 1129 4239">
    <p class='ocr_par' dir='ltr' id='par_1_4' title="bbox 128 2888 1129 4239">
     <span class='ocr_line' id='line_1_23' title="bbox 128 2888 1127 2969; baseline 0.006 -25"><span class='ocrx_word' id='word_1_174' title='bbox 128 2891 256 2969; x_wconf 80' lang='lat' dir='ltr'><strong>corrigit</strong></span> <span class='ocrx_word' id='word_1_175' title='bbox 286 2892 361 2964; x_wconf 78' lang='lat' dir='ltr'><strong>qrtast</strong></span> <span class='ocrx_word' id='word_1_176' title='bbox 387 2905 416 2944; x_wconf 87' lang='lat' dir='ltr'><strong>et</strong></span> <span class='ocrx_word' id='word_1_177' title='bbox 438 2889 608 2945; x_wconf 79' lang='lat' dir='ltr'><strong>circumieri-</strong></span> <span class='ocrx_word' id='word_1_178' title='bbox 649 2888 789 2942; x_wconf 79' lang='lat' dir='ltr'><strong>rnmvirot</strong></span> <span class='ocrx_word' id='word_1_179' title='bbox 804 2907 861 2943; x_wconf 86' lang='lat' dir='ltr'><strong>non</strong></span> <span class='ocrx_word' id='word_1_180' title='bbox 879 2888 908 2943; x_wconf 89' lang='lat' dir='ltr'><strong>in</strong></span> <span class='ocrx_word' id='word_1_181' title='bbox 926 2891 1004 2953; x_wconf 78' lang='lat' dir='ltr'><strong>foro,</strong></span> <span class='ocrx_word' id='word_1_182' title='bbox 1026 2912 1127 2949; x_wconf 81' lang='lat' dir='ltr'><strong>verum</strong></span> 
     </span>
     <span class='ocr_line' id='line_1_24' title="bbox 128 2971 1126 3049; baseline 0.002 -18"><span class='ocrx_word' id='word_1_183' title='bbox 128 2975 187 3037; x_wconf 84' lang='lat' dir='ltr'><strong>bit,</strong></span> <span class='ocrx_word' id='word_1_184' title='bbox 221 2994 290 3049; x_wconf 75' lang='lat' dir='ltr'><strong>quae</strong></span> <span class='ocrx_word' id='word_1_185' title='bbox 314 2972 497 3049; x_wconf 66' lang='lat' dir='ltr'><strong>praecedam</strong></span> <span class='ocrx_word' id='word_1_186' title='bbox 533 2974 607 3047; x_wconf 78' lang='lat' dir='ltr'><strong>quast</strong></span> <span class='ocrx_word' id='word_1_187' title='bbox 648 2973 679 3027; x_wconf 88' lang='lat' dir='ltr'><strong>in</strong></span> <span class='ocrx_word' id='word_1_188' title='bbox 702 2971 807 3027; x_wconf 74' lang='lat' dir='ltr'><strong>basilica</strong></span> <span class='ocrx_word' id='word_1_189' title='bbox 830 2975 974 3043; x_wconf 74' lang='lat' dir='ltr'><strong>juiticaiie.</strong></span> <span class='ocrx_word' id='word_1_190' title='bbox 1003 2976 1050 3038; x_wconf 75' lang='lat' dir='ltr'><strong>iat.</strong></span> <span class='ocrx_word' id='word_1_191' title='bbox 1077 2982 1126 3036; x_wconf 81' lang='lat' dir='ltr'><strong>etfi</strong></span> 
     </span>
     <span class='ocr_line' id='line_1_25' title="bbox 129 3056 1125 3120; baseline 0 -3"><span class='ocrx_word' id='word_1_192' title='bbox 129 3060 217 3117; x_wconf 76' lang='lat' dir='ltr'><strong>dicar:</strong></span> <span class='ocrx_word' id='word_1_193' title='bbox 247 3059 327 3115; x_wconf 83' lang='lat' dir='ltr'><strong>modo</strong></span> <span class='ocrx_word' id='word_1_194' title='bbox 358 3076 414 3113; x_wconf 77' lang='lat' dir='ltr'><strong>unt</strong></span> <span class='ocrx_word' id='word_1_195' title='bbox 435 3062 469 3115; x_wconf 84' lang='lat' dir='ltr'><strong>iit</strong></span> <span class='ocrx_word' id='word_1_196' title='bbox 496 3077 527 3115; x_wconf 75' lang='lat' dir='ltr'><strong>et</strong></span> <span class='ocrx_word' id='word_1_197' title='bbox 553 3075 606 3120; x_wconf 80' lang='lat' dir='ltr'><strong>ret.</strong></span> <span class='ocrx_word' id='word_1_198' title='bbox 647 3056 828 3117; x_wconf 70' lang='lat' dir='ltr'><strong>termimum,</strong></span> <span class='ocrx_word' id='word_1_199' title='bbox 850 3071 939 3111; x_wconf 71' lang='lat' dir='ltr'><strong>tannen</strong></span> <span class='ocrx_word' id='word_1_200' title='bbox 954 3058 1075 3117; x_wconf 81' lang='lat' dir='ltr'><strong>alienum</strong></span> <span class='ocrx_word' id='word_1_201' title='bbox 1088 3062 1125 3119; x_wconf 77' lang='lat' dir='ltr'><strong>eii</strong></span> 
     </span>
     <span class='ocr_line' id='line_1_26' title="bbox 128 3139 1125 3221; baseline -0.006 -20"><span class='ocrx_word' id='word_1_202' title='bbox 128 3164 213 3221; x_wconf 75' lang='lat' dir='ltr'><strong>quam</strong></span> <span class='ocrx_word' id='word_1_203' title='bbox 230 3158 316 3221; x_wconf 81' lang='lat' dir='ltr'><strong>petet.</strong></span> <span class='ocrx_word' id='word_1_204' title='bbox 648 3139 738 3195; x_wconf 75' lang='lat' dir='ltr'><strong>eloco</strong></span> <span class='ocrx_word' id='word_1_205' title='bbox 752 3140 852 3196; x_wconf 79' lang='lat' dir='ltr'><strong>nostro.</strong></span> <span class='ocrx_word' id='word_1_206' title='bbox 874 3144 971 3199; x_wconf 69' lang='lat' dir='ltr'><strong>ibrum</strong></span> <span class='ocrx_word' id='word_1_207' title='bbox 985 3144 1059 3199; x_wconf 85' lang='lat' dir='ltr'><strong>eninr</strong></span> <span class='ocrx_word' id='word_1_208' title='bbox 1073 3146 1125 3201; x_wconf 79' lang='lat' dir='ltr'><strong>int.</strong></span> 
     </span>
     <span class='ocr_line' id='line_1_27' title="bbox 168 3223 1127 3309; baseline -0.007 -24"><span class='ocrx_word' id='word_1_209' title='bbox 168 3228 429 3309; x_wconf 64' lang='lat' dir='ltr'><strong>nisi-mmerit.</strong></span> <span class='ocrx_word' id='word_1_210' title='bbox 452 3223 607 3283; x_wconf 68' lang='lat' dir='ltr'><strong>mimano</strong></span> <span class='ocrx_word' id='word_1_211' title='bbox 647 3226 761 3301; x_wconf 79' lang='lat' dir='ltr'><strong>proprie</strong></span> <span class='ocrx_word' id='word_1_212' title='bbox 779 3226 883 3281; x_wconf 83' lang='lat' dir='ltr'><strong>dicitur</strong></span> <span class='ocrx_word' id='word_1_213' title='bbox 898 3227 933 3283; x_wconf 88' lang='lat' dir='ltr'><strong>de</strong></span> <span class='ocrx_word' id='word_1_214' title='bbox 952 3231 1031 3283; x_wconf 85' lang='lat' dir='ltr'><strong>omni</strong></span> <span class='ocrx_word' id='word_1_215' title='bbox 1052 3229 1127 3299; x_wconf 79' lang='lat' dir='ltr'><strong>jurii.</strong></span> 
     </span>
     <span class='ocr_line' id='line_1_28' title="bbox 128 3309 1128 3389; baseline 0.001 -19"><span class='ocrx_word' id='word_1_216' title='bbox 128 3313 164 3370; x_wconf 79' lang='lat' dir='ltr'><strong>td</strong></span> <span class='ocrx_word' id='word_1_217' title='bbox 185 3311 346 3389; x_wconf 75' lang='lat' dir='ltr'><strong>exemplum</strong></span> <span class='ocrx_word' id='word_1_218' title='bbox 362 3310 420 3365; x_wconf 81' lang='lat' dir='ltr'><strong>dati</strong></span> <span class='ocrx_word' id='word_1_219' title='bbox 435 3311 465 3364; x_wconf 92' lang='lat' dir='ltr'><strong>in</strong></span> <span class='ocrx_word' id='word_1_220' title='bbox 482 3309 608 3384; x_wconf 86' lang='lat' dir='ltr'><strong>adoptio·</strong></span> <span class='ocrx_word' id='word_1_221' title='bbox 648 3310 708 3371; x_wconf 78' lang='lat' dir='ltr'><strong>eto,</strong></span> <span class='ocrx_word' id='word_1_222' title='bbox 734 3328 793 3383; x_wconf 82' lang='lat' dir='ltr'><strong>qno</strong></span> <span class='ocrx_word' id='word_1_223' title='bbox 815 3311 897 3369; x_wconf 74' lang='lat' dir='ltr'><strong>etiam</strong></span> <span class='ocrx_word' id='word_1_224' title='bbox 918 3312 1128 3371; x_wconf 79' lang='lat' dir='ltr'><strong>centumvirale</strong></span> 
     </span>
     <span class='ocr_line' id='line_1_29' title="bbox 129 3392 1126 3475; baseline 0 -24"><span class='ocrx_word' id='word_1_225' title='bbox 129 3416 210 3461; x_wconf 84' lang='lat' dir='ltr'><strong>nem.</strong></span> <span class='ocrx_word' id='word_1_226' title='bbox 236 3396 372 3458; x_wconf 76' lang='lat' dir='ltr'><strong>abdicati,</strong></span> <span class='ocrx_word' id='word_1_227' title='bbox 401 3392 484 3450; x_wconf 83' lang='lat' dir='ltr'><strong>nothi</strong></span> <span class='ocrx_word' id='word_1_228' title='bbox 499 3394 607 3473; x_wconf 81' lang='lat' dir='ltr'><strong>ablegat</strong></span> <span class='ocrx_word' id='word_1_229' title='bbox 648 3395 821 3454; x_wconf 79' lang='lat' dir='ltr'><strong>continetur.</strong></span> <span class='ocrx_word' id='word_1_230' title='bbox 857 3395 888 3449; x_wconf 86' lang='lat' dir='ltr'><strong>in</strong></span> <span class='ocrx_word' id='word_1_231' title='bbox 910 3415 967 3468; x_wconf 89' lang='lat' dir='ltr'><strong>qno</strong></span> <span class='ocrx_word' id='word_1_232' title='bbox 989 3415 1041 3453; x_wconf 80' lang='lat' dir='ltr'><strong>noo</strong></span> <span class='ocrx_word' id='word_1_233' title='bbox 1069 3398 1126 3475; x_wconf 81' lang='lat' dir='ltr'><strong>ipio</strong></span> 
     </span>
     <span class='ocr_line' id='line_1_30' title="bbox 128 3478 1126 3555; baseline 0.009 -24"><span class='ocrx_word' id='word_1_234' title='bbox 128 3478 409 3553; x_wconf 70' lang='lat' dir='ltr'><strong>Pseudo.1nmebut</strong></span> <span class='ocrx_word' id='word_1_235' title='bbox 435 3493 469 3549; x_wconf 73' lang='lat'><strong>5,</strong></span> <span class='ocrx_word' id='word_1_236' title='bbox 498 3478 535 3541; x_wconf 82' lang='lat'><strong>6,</strong></span> <span class='ocrx_word' id='word_1_237' title='bbox 565 3494 605 3555; x_wconf 80' lang='lat'><strong>97</strong></span> <span class='ocrx_word' id='word_1_238' title='bbox 648 3496 780 3553; x_wconf 83' lang='lat' dir='ltr'><strong>„propter</strong></span> <span class='ocrx_word' id='word_1_239' title='bbox 800 3479 829 3533; x_wconf 76' lang='lat' dir='ltr'><strong>iri</strong></span> <span class='ocrx_word' id='word_1_240' title='bbox 850 3479 956 3535; x_wconf 67' lang='lat' dir='ltr'><strong>iniunt·</strong></span> <span class='ocrx_word' id='word_1_241' title='bbox 977 3481 1126 3551; x_wconf 74' lang='lat' dir='ltr'><strong>judicatur.</strong></span> 
     </span>
     <span class='ocr_line' id='line_1_31' title="bbox 130 3562 1128 3641; baseline 0.006 -24"><span class='ocrx_word' id='word_1_242' title='bbox 130 3566 204 3641; x_wconf 75' lang='lat' dir='ltr'><strong>seqq.</strong></span> <span class='ocrx_word' id='word_1_243' title='bbox 648 3562 705 3620; x_wconf 85' lang='lat' dir='ltr'><strong>Ubi</strong></span> <span class='ocrx_word' id='word_1_244' title='bbox 717 3563 751 3617; x_wconf 82' lang='lat' dir='ltr'><strong>do</strong></span> <span class='ocrx_word' id='word_1_245' title='bbox 766 3565 824 3637; x_wconf 81' lang='lat' dir='ltr'><strong>ipso</strong></span> <span class='ocrx_word' id='word_1_246' title='bbox 838 3563 899 3617; x_wconf 86' lang='lat' dir='ltr'><strong>loco</strong></span> <span class='ocrx_word' id='word_1_247' title='bbox 914 3564 1014 3641; x_wconf 70' lang='lat' dir='ltr'><strong>agitur,</strong></span> <span class='ocrx_word' id='word_1_248' title='bbox 1031 3565 1128 3623; x_wconf 74' lang='lat' dir='ltr'><strong>aliaest</strong></span> 
     </span>
     <span class='ocr_line' id='line_1_32' title="bbox 169 3646 1126 3724; baseline -0.001 -19"><span class='ocrx_word' id='word_1_249' title='bbox 169 3649 246 3724; x_wconf 76' lang='lat' dir='ltr'><strong>apud</strong></span> <span class='ocrx_word' id='word_1_250' title='bbox 255 3650 444 3705; x_wconf 73' lang='lat' dir='ltr'><strong>centumviros.</strong></span> <span class='ocrx_word' id='word_1_251' title='bbox 465 3646 607 3709; x_wconf 82' lang='lat' dir='ltr'><strong>Dehisce.</strong></span> <span class='ocrx_word' id='word_1_252' title='bbox 647 3648 731 3708; x_wconf 79' lang='lat' dir='ltr'><strong>ratio,</strong></span> <span class='ocrx_word' id='word_1_253' title='bbox 754 3646 834 3703; x_wconf 83' lang='lat' dir='ltr'><strong>velot</strong></span> <span class='ocrx_word' id='word_1_254' title='bbox 852 3668 897 3708; x_wconf 88' lang='lat' dir='ltr'><strong>ro,</strong></span> <span class='ocrx_word' id='word_1_255' title='bbox 911 3661 940 3715; x_wconf 84' lang='lat'><strong>5,</strong></span> <span class='ocrx_word' id='word_1_256' title='bbox 964 3658 999 3719; x_wconf 80' lang='lat'><strong>¹8</strong></span> <span class='ocrx_word' id='word_1_257' title='bbox 1022 3652 1070 3711; x_wconf 83' lang='lat' dir='ltr'><strong>„in</strong></span> <span class='ocrx_word' id='word_1_258' title='bbox 1085 3652 1126 3707; x_wconf 78' lang='lat' dir='ltr'><strong>so·</strong></span> 
     </span>
     <span class='ocr_line' id='line_1_33' title="bbox 130 3730 1126 3811; baseline -0.003 -23"><span class='ocrx_word' id='word_1_259' title='bbox 130 3734 181 3807; x_wconf 80' lang='lat' dir='ltr'><strong>qni</strong></span> <span class='ocrx_word' id='word_1_260' title='bbox 202 3748 280 3787; x_wconf 83' lang='lat' dir='ltr'><strong>erant</strong></span> <span class='ocrx_word' id='word_1_261' title='bbox 307 3732 411 3805; x_wconf 82' lang='lat' dir='ltr'><strong>judicet</strong></span> <span class='ocrx_word' id='word_1_262' title='bbox 435 3733 606 3808; x_wconf 71' lang='lat' dir='ltr'><strong>privatarum</strong></span> <span class='ocrx_word' id='word_1_263' title='bbox 647 3750 699 3793; x_wconf 86' lang='lat' dir='ltr'><strong>„ro</strong></span> <span class='ocrx_word' id='word_1_264' title='bbox 713 3760 754 3775; x_wconf 86' lang='lat'>-</span> <span class='ocrx_word' id='word_1_265' title='bbox 769 3733 798 3785; x_wconf 88' lang='lat' dir='ltr'><strong>in</strong></span> <span class='ocrx_word' id='word_1_266' title='bbox 815 3730 979 3788; x_wconf 78' lang='lat' dir='ltr'><strong>bafilicarn.“</strong></span> <span class='ocrx_word' id='word_1_267' title='bbox 1008 3736 1063 3793; x_wconf 81' lang='lat' dir='ltr'><strong>Hic</strong></span> <span class='ocrx_word' id='word_1_268' title='bbox 1075 3734 1126 3811; x_wconf 77' lang='lat' dir='ltr'><strong>so.</strong></span> 
     </span>
     <span class='ocr_line' id='line_1_34' title="bbox 131 3816 1126 3893; baseline 0.006 -23"><span class='ocrx_word' id='word_1_269' title='bbox 131 3819 281 3878; x_wconf 77' lang='lat' dir='ltr'><strong>caninum.</strong></span> <span class='ocrx_word' id='word_1_270' title='bbox 303 3816 368 3873; x_wconf 81' lang='lat' dir='ltr'><strong>vide</strong></span> <span class='ocrx_word' id='word_1_271' title='bbox 383 3833 492 3892; x_wconf 79' lang='lat' dir='ltr'><strong>praeter</strong></span> <span class='ocrx_word' id='word_1_272' title='bbox 505 3818 609 3872; x_wconf 79' lang='lat' dir='ltr'><strong>Lexict</strong></span> <span class='ocrx_word' id='word_1_273' title='bbox 649 3837 709 3871; x_wconf 83' lang='lat' dir='ltr'><strong>rum</strong></span> <span class='ocrx_word' id='word_1_274' title='bbox 724 3818 878 3893; x_wconf 86' lang='lat' dir='ltr'><strong>opponitur</strong></span> <span class='ocrx_word' id='word_1_275' title='bbox 894 3816 959 3875; x_wconf 74' lang='lat' dir='ltr'><strong>iudo</strong></span> <span class='ocrx_word' id='word_1_276' title='bbox 980 3818 1016 3875; x_wconf 66' lang='grc' dir='ltr'><strong>οἱ.</strong></span> <span class='ocrx_word' id='word_1_277' title='bbox 1032 3834 1061 3883; x_wconf 71' lang='lat'><strong>2,</strong></span> <span class='ocrx_word' id='word_1_278' title='bbox 1079 3840 1126 3884; x_wconf 81' lang='lat' dir='ltr'><strong>ro.</strong></span> 
     </span>
     <span class='ocr_line' id='line_1_35' title="bbox 131 3900 729 3973; baseline 0 -18"><span class='ocrx_word' id='word_1_279' title='bbox 131 3902 235 3955; x_wconf 83' lang='lat' dir='ltr'><strong>Ernest.</strong></span> <span class='ocrx_word' id='word_1_280' title='bbox 261 3902 292 3955; x_wconf 84' lang='lat' dir='ltr'><strong>iu</strong></span> <span class='ocrx_word' id='word_1_281' title='bbox 319 3900 406 3957; x_wconf 78' lang='lat' dir='ltr'><strong>Clare</strong></span> <span class='ocrx_word' id='word_1_282' title='bbox 432 3901 489 3957; x_wconf 74' lang='lat' dir='ltr'><strong>cic.</strong></span> <span class='ocrx_word' id='word_1_283' title='bbox 518 3900 548 3955; x_wconf 88' lang='lat' dir='ltr'><strong>h.</strong></span> <span class='ocrx_word' id='word_1_284' title='bbox 577 3920 607 3956; x_wconf 76' lang='lat' dir='ltr'><strong>v.</strong></span> <span class='ocrx_word' id='word_1_285' title='bbox 650 3913 680 3971; x_wconf 76' lang='lat'><strong>5.</strong></span> <span class='ocrx_word' id='word_1_286' title='bbox 700 3918 729 3973; x_wconf 89' lang='lat'><strong>9.</strong></span> 
     </span>
     <span class='ocr_line' id='line_1_36' title="bbox 131 3980 1129 4061; baseline 0.002 -22"><span class='ocrx_word' id='word_1_287' title='bbox 131 3984 198 4039; x_wconf 79' lang='lat' dir='ltr'><strong>irem</strong></span> <span class='ocrx_word' id='word_1_288' title='bbox 211 3980 608 4061; x_wconf 55' lang='grc' dir='ltr'><strong>ΙῑηοΙι.ΙΙίῐί.]ιιτ.γαθέ-6.</strong></span> <span class='ocrx_word' id='word_1_289' title='bbox 692 3984 876 4041; x_wconf 66' lang='lat' dir='ltr'><strong>alienationes.</strong></span> <span class='ocrx_word' id='word_1_290' title='bbox 919 3985 1013 4059; x_wconf 79' lang='lat' dir='ltr'><strong>Qtulit</strong></span> <span class='ocrx_word' id='word_1_291' title='bbox 1030 3988 1065 4043; x_wconf 76' lang='lat' dir='ltr'><strong>est</strong></span> <span class='ocrx_word' id='word_1_292' title='bbox 1082 3989 1129 4049; x_wconf 78' lang='lat' dir='ltr'><strong>Ci-</strong></span> 
     </span>
     <span class='ocr_line' id='line_1_37' title="bbox 174 4068 1127 4143; baseline 0.007 -20"><span class='ocrx_word' id='word_1_293' title='bbox 174 4073 202 4123; x_wconf 83' lang='lat' dir='ltr'><strong>in</strong></span> <span class='ocrx_word' id='word_1_294' title='bbox 215 4068 288 4141; x_wconf 74' lang='lat' dir='ltr'><strong>soro.</strong></span> <span class='ocrx_word' id='word_1_295' title='bbox 332 4069 413 4141; x_wconf 80' lang='lat' dir='ltr'><strong>Quod</strong></span> <span class='ocrx_word' id='word_1_296' title='bbox 430 4090 464 4123; x_wconf 82' lang='lat' dir='ltr'><strong>ox</strong></span> <span class='ocrx_word' id='word_1_297' title='bbox 480 4068 550 4124; x_wconf 74' lang='lat' dir='ltr'><strong>hisce</strong></span> <span class='ocrx_word' id='word_1_298' title='bbox 564 4088 610 4143; x_wconf 75' lang='lat' dir='ltr'><strong>ap·</strong></span> <span class='ocrx_word' id='word_1_299' title='bbox 650 4070 757 4124; x_wconf 73' lang='lat' dir='ltr'><strong>coronis</strong></span> <span class='ocrx_word' id='word_1_300' title='bbox 774 4070 803 4121; x_wconf 87' lang='lat' dir='ltr'><strong>in</strong></span> <span class='ocrx_word' id='word_1_301' title='bbox 820 4068 971 4125; x_wconf 76' lang='lat' dir='ltr'><strong>Caecilium</strong></span> <span class='ocrx_word' id='word_1_302' title='bbox 986 4071 1021 4127; x_wconf 86' lang='lat' dir='ltr'><strong>de</strong></span> <span class='ocrx_word' id='word_1_303' title='bbox 1033 4072 1127 4133; x_wconf 76' lang='lat' dir='ltr'><strong>Vertit</strong></span> 
     </span>
     <span class='ocr_line' id='line_1_38' title="bbox 132 4153 1015 4239; baseline 0 -28"><span class='ocrx_word' id='word_1_304' title='bbox 132 4153 529 4239; x_wconf 28' lang='lat' dir='ltr'><strong>parueflaircapperonaeriut.</strong></span> <span class='ocrx_word' id='word_1_305' title='bbox 539 4157 610 4237; x_wconf 63' lang='lat'><strong>⁶9²⁹</strong></span> <span class='ocrx_word' id='word_1_306' title='bbox 649 4155 802 4209; x_wconf 68' lang='lat' dir='ltr'><strong>minorare</strong></span> <span class='ocrx_word' id='word_1_307' title='bbox 815 4153 1015 4211; x_wconf 66' lang='lat' dir='ltr'><strong>maturando.</strong></span> 
     </span>
    </p>
   </div>
   <div class='ocr_carea' id='block_1_5' title="bbox 703 4240 794 4311">
    <p class='ocr_par' dir='ltr' id='par_1_5' title="bbox 703 4240 794 4311">
     <span class='ocr_line' id='line_1_39' title="bbox 703 4240 794 4311; baseline 0 0"><span class='ocrx_word' id='word_1_308' title='bbox 703 4240 794 4311; x_wconf 54' lang='grc' dir='ltr'><strong>ΩΨ</strong></span> 
     </span>
    </p>
   </div>
   <div class='ocr_carea' id='block_1_6' title="bbox 0 0 1308 4710">
    <p class='ocr_par' dir='ltr' id='par_1_6' title="bbox 0 0 1308 4710">
     <span class='ocr_line' id='line_1_40' title="bbox 0 0 1308 4710; baseline 0 0"><span class='ocrx_word' id='word_1_309' title='bbox 0 0 1308 4710; x_wconf 95' lang='lat' dir='ltr'><strong> </strong></span> 
     </span>
    </p>
   </div>
  </div>
 </body>
</html>
