2596 4710
326 346 448 417 INST.
476 346 684 418 onnon
711 346 801 418 LIB.
828 349 865 434 1,
892 369 950 419 ιι.
1061 358 1139 438 407

135 533 304 612 minima
315 558 450 635 pugna
465 532 529 609 est.
586 537 694 613 Nam
708 534 759 611 de
774 536 886 611 omni
902 535 1064 611 materia
1076 534 1139 612 ‹ti-

137 672 226 724 cere
255 675 342 724 earn
377 647 574 726 fatentur:
613 653 816 753 propriam
844 649 989 727 habere
1016 667 1139 726 mate·
1249 664 1255 675 “

107 840 113 851 ,
133 767 256 853 riam,
284 765 378 864 quia
395 766 660 867 multiplicem
674 766 833 855 lrabeat,
861 782 1016 865 negant.
1061 763 1139 841 Sed

135 904 270 980 neque
297 875 454 954 infinita
477 880 550 972 est,
579 879 725 958 etiamsi
755 879 810 957 est
836 882 1067 981 multiplex:
1099 895 1139 955 et

134 992 235 1071 altae
262 1020 426 1095 quoque
452 1012 551 1073 artes
574 1000 748 1075 minores
771 995 918 1071 habent
940 995 1139 1095 multipli-

134 1134 226 1189 σθω
245 1112 467 1200 materiam,
493 1114 607 1189 velut
627 1111 934 1188 architectonice:
963 1133 1138 1209 namque

134 1250 184 1299 ea
198 1226 245 1301 in
258 1227 464 1315 omnibus,
491 1253 592 1328 quae
605 1225 696 1304 lunt
709 1224 890 1303 aedificio
903 1226 1028 1314 utilia,
1047 1249 1138 1299 ver·

134 1337 259 1416 latur:
289 1356 330 1415 et
343 1341 561 1431 caelatura,
586 1367 688 1445 quae
702 1367 813 1432 auro,
833 1357 1007 1442 argento,
1035 1364 1161 1434 aere,9

133 1452 264 1544 ferro,
301 1483 420 1557 opera
449 1456 575 1533 efficit.
646 1460 755 1536 Nam
779 1450 990 1567 sculptura
1019 1456 1138 1534 etiam

134 1570 312 1671 lignum,
347 1572 466 1662 ebur,
507 1574 700 1663 marmor,
740 1576 913 1659 vitrum,
953 1594 1137 1672 gemmas,

135 1702 346 1789 praeterea
361 1712 462 1786 quae
478 1686 710 1790 supradixi,
731 1688 1016 1788 complectitur.
1051 1686 1134 1759 Ne·
1146 1697 1182 1738 ¹0

134 1824 219 1901 que
238 1803 421 1902 protinus
435 1829 519 1886 non
535 1800 590 1879 est
604 1805 766 1881 materia
785 1803 1020 1889 rhetorices,
1044 1795 1072 1872 sr
1091 1801 1135 1873 in

131 1914 276 1992 eadem
287 1915 467 1992 versatur
479 1932 519 1993 et
532 1916 644 1995 alius.
674 1920 782 1995 Nam
796 1912 1025 2016 fiquaeram,
1034 1938 1136 2013 quae

133 2029 185 2107 fit
202 2032 362 2107 materia
382 2029 576 2122 statuarii,
603 2032 759 2108 dicetur
775 2059 861 2106 aes:
890 2029 919 2105 fi
939 2052 1137 2130 quaeram,
1169 2018 1180 2031 ‘

134 2171 239 2246 quae
256 2145 301 2221 srt
318 2143 532 2239 excuteris,
558 2144 602 2222 id
617 2144 689 2236 est,
717 2154 801 2242 eius
816 2144 996 2233 fabricae,
1016 2165 1138 2242 quam

132 2264 275 2337 Graeci
307 2266 533 2362 χαλκευτικὴ
558 2279 721 2350 vocant,
757 2258 934 2337 ltmiliter
961 2285 1028 2334 aes
1062 2253 1136 2331 elle

132 2374 407 2477 respondeant.
464 2379 585 2477 Atqui
598 2379 822 2477 plurinnun
838 2403 859 2449 a
876 2373 1009 2452 statuis
1023 2367 1139 2447 difle-

82 2509 234 2574 o7runt
254 2490 353 2567 vasa.
409 2495 506 2567 Nec'
520 2492 719 2568 medicina
744 2492 837 2568 ideo
857 2517 941 2568 non
965 2490 1040 2564 erit
1064 2512 1183 2575 aram

133 2608 229 2707 quia
248 2609 386 2684 unctio
403 2624 441 2681 et
462 2609 686 2684 exercitatio
704 2633 796 2683 cum
813 2602 1055 2707 palaestrica,
1082 2603 1138 2675 ci-

131 2723 281 2799 borum
300 2749 398 2799 vero
421 2724 586 2822 qualitas
608 2725 725 2797 etiam
748 2747 841 2797 eum
856 2742 1080 2819 coquorum
1099 2715 1139 2789 ei

134 2835 182 2913 fit
197 2853 277 2911 arte
292 2839 526 2913 communis.
584 2837 705 2940 Quod
720 2859 817 2912 vero
833 2835 883 2910 de
897 2836 1018 2921 bono,
1031 2831 1137 2918 utili,
1149 2861 1186 2906 ιι

134 2946 240 3049 justo
262 2948 462 3040 dillerere,
491 2949 767 3053 philosophiae
791 2948 967 3026 officium
986 2943 1059 3022 elle
1077 2944 1139 3019 di·

135 3082 251 3154 cunt,
277 3093 362 3142 non
383 3065 517 3141 obstat.
577 3066 703 3153 Nam,
731 3091 824 3140 cum
850 3061 1140 3164 philosophum

135 3182 295 3272 dicunt,
331 3183 409 3258 hoc
439 3181 563 3283 accipi
598 3181 767 3268 volunt,
799 3180 936 3255 virum
971 3177 1138 3255 bonum.

196 3431 398 3489 arclatectoaico
419 3460 464 3479 ι-
489 3427 619 3506 versatur.
661 3412 1003 3486 contaminanatus.
1046 3418 1134 3478 Goth.

133 3524 208 3587 (tac.
230 3518 332 3584 oeta.)
354 3513 494 3592 versamur
514 3531 548 3570 ut
570 3528 696 3590 appareat
722 3532 786 3569 eum
814 3513 861 3567 luo
885 3531 901 3566 a
921 3505 1039 3564 voluille
1059 3500 1137 3580 quod

133 3600 228 3660 Guell.
245 3598 388 3658 scribendo
405 3622 453 3663 ae,
474 3598 555 3655 male.
720 3584 868 3672 cxcusoriti
907 3591 1001 3651 aaut
1013 3588 1137 3665 sculpto·

133 3690 171 3743 ris
184 3685 264 3741 male.
287 3684 372 3741 Goth.
387 3689 401 3755 (
410 3701 460 3742 tac.
477 3686 571 3749 Geta.)
587 3680 732 3761 mafforis
747 3701 810 3737 cum
826 3676 902 3739 vols.
921 3692 949 3735 a.
971 3676 1039 3731 itam
1054 3673 1135 3729 mals.

132 3772 211 3830 Vett.
234 3770 295 3826 cdd.
317 3786 474 3843 receptam,
499 3767 602 3845 quibua
626 3765 751 3821 acoedere
774 3764 909 3821 videntur
930 3759 1085 3818 Britannici
1108 3770 1138 3813 ct

134 3854 209 3912 Atm.
334 3876 352 3908 a
359 3852 469 3930 statuis.
511 3852 629 3911 Omittit
643 3850 762 3908 aGuell.
781 3868 843 3905 cum
853 3849 948 3911 Turis.
960 3844 1049 3901 Goth.
1062 3842 1135 3904 Jenl.

130 3940 146 4010 ί
154 3955 204 3994 tec.
216 3940 309 4010 Gela.)
323 3940 398 3997 von.
416 3953 434 4006 3
449 3955 476 3994 er
490 3939 558 3993 meis
572 3933 685 4010 quidem
700 3951 762 3990 rute
776 3933 901 3990 Leidenl.
917 3931 980 3988 odd.
989 3927 1131 3988 omuibus.

130 4027 175 4081 Ex
191 4044 222 4077 ea
237 4024 374 4079 Giblonus
391 4024 524 4084 assumsit,
552 4036 579 4076 et
594 4020 631 4075 de
646 4019 700 4075 luis
717 4018 805 4078 codd.
824 4031 902 4073 tacet.

176 4108 258 4187 Quod
277 4128 349 4164 vero.
391 4110 476 4166 Goth.
501 4113 571 4173 (tac.
593 4106 693 4173 Gelu.)
717 4106 772 4183 Qui
792 4122 865 4159 vero.
1029 4096 1130 4152 dicunt.

132 4192 347 4255 occludebat.
367 4211 441 4256 non,
463 4206 496 4248 ut
513 4190 593 4249 Geta.
607 4204 715 4253 narrat,
737 4189 868 4245 dicebam.
