2596 4710
163 352 242 432 400
404 335 461 408 n.
486 335 588 406 rin.
613 310 931 429 otnrtrnnr‘n
1023 338 1033 347 ·

163 529 210 603 in
235 551 352 601 acum
371 525 564 600 continuo
586 536 626 596 et
649 518 727 597 line
750 518 1005 600 frustratione
1027 522 1175 601 insere·

162 642 251 718 bat:
286 666 408 740 quem
427 634 731 738 cum‚spectallet
745 638 985 727 Alexander,
1015 638 1174 715 donulle

164 756 313 835 dicitur
328 753 507 845 eiusdem
526 755 740 853 leguminis
759 752 917 854 modio:
950 756 1067 854 quod
1083 758 1173 857 qui·

164 872 257 946 dem
285 856 510 973 praemium
537 868 618 943 fuit
645 869 717 944 illo
745 894 865 969 opere
889 868 1170 968 dignillimum.

136 989 237 1065 4His
252 1010 325 1085 ego
348 983 635 1084 comparandos
653 980 852 1073 existimo,
883 986 955 1085 qui
976 985 1023 1059 in
1041 984 1170 1060 decla·

160 1102 425 1188 mationibus,
465 1124 562 1199 quos
600 1095 674 1173 elle
711 1101 867 1175 veritati
896 1098 1200 1187 diffirnillimusn

159 1216 328 1304 volunt,
356 1229 521 1291 aetatem
538 1215 668 1289 multo
692 1212 823 1290 studio
850 1240 892 1288 ac
917 1215 1055 1291 labore
1075 1242 1169 1292 con-

160 1329 334 1405 sumunt
391 1332 543 1404 Verum
560 1330 667 1419 haec,
690 1356 810 1431 quam
826 1328 1034 1404 instituere
1053 1358 1167 1407 cona·

161 1472 277 1535 mur,
306 1462 344 1520 et
368 1451 481 1537 cujus
505 1446 721 1545 imaginem
740 1448 873 1521 animo
896 1449 1166 1545 concepimus,

160 1587 261 1660 quae
288 1561 397 1637 bono
425 1562 516 1636 viro
548 1548 755 1649 convenit}
783 1554 965 1663 quaeque
994 1558 1050 1634 est
1073 1586 1165 1637 vern

134 1677 379 1764 §rhetorico
407 1677 538 1751 virtus
555 1676 639 1749 erit.
697 1675 820 1779 Quod
832 1673 1066 1777 philosophi
1079 1678 1165 1779 qui·

160 1790 253 1865 dem
266 1792 403 1865 multis
419 1806 457 1865 et
472 1791 595 1865 acutis
613 1789 934 1868 conclusionibus
948 1790 1162 1893 colligunt:

157 1906 264 1981 mihi
291 1931 389 1981 vero
425 1907 544 1981 etiarn
578 1906 757 2006 planiore
793 1906 886 1997 hac,
921 1908 1162 2011 proprieque

159 2020 310 2111 nostra,
338 2023 575 2123 probatione
609 2020 766 2097 videtur
795 2016 870 2095 elle
896 2020 1161 2122 perspicuum.

159 2138 223 2213 Ab
245 2138 326 2212 illis
349 2129 446 2211 haec
471 2137 673 2213 dicuntur.
687 2162 694 2180 ³
733 2138 774 2213 Si
798 2132 1015 2213 consonare
1034 2134 1103 2213 fibi
1120 2140 1161 2212 in

104 2320 107 2324 .
157 2249 350 2327 faciendis
373 2277 417 2324 nc
440 2277 525 2327 non
543 2249 753 2340 faciendis,
779 2253 940 2328 virtutis
958 2250 1033 2341 est,
1064 2277 1161 2353 qnae

156 2390 247 2469 pars
265 2372 350 2461 ejus
365 2368 577 2463 prudentia
593 2383 780 2457 vocatur,
809 2365 948 2442 eadem
966 2370 1012 2445 in
1029 2368 1159 2447 dicen·

219 2585 353 2641 coruinuo.
397 2578 486 2636 Goth.
501 2595 528 2635 et
540 2584 611 2640 Jenl.
628 2584 642 2648 (
649 2597 699 2637 tac.
714 2583 809 2653 Geso.)
825 2587 946 2638 conrlnuo
966 2602 1032 2637 curn
1051 2583 1126 2642 Vols.
1141 2596 1157 2637 2

155 2680 185 2723 et
198 2666 260 2725 edd.
274 2665 414 2741 plerisque
428 2680 497 2727 vett.
513 2666 557 2725 led
571 2683 601 2722 ct
615 2666 738 2743 Gryplrii
757 2678 844 2739 1544.
887 2667 977 2721 Placet
990 2671 1159 2727 Bormanon.

155 2767 184 2806 et
205 2769 264 2805 non
288 2750 403 2807 videtur
425 2765 569 2824 receptum
590 2749 653 2806 loco
673 2752 857 2812 convenient,
885 2752 941 2806 stre
966 2751 1001 2807 de
1022 2751 1084 2807 loco
1106 2754 1159 2831 agi·

154 2849 203 2889 tur
224 2838 281 2890 five
304 2834 339 2889 de
360 2848 494 2911 ternpore.
516 2834 576 2889 vid.
590 2851 650 2889 not.
667 2856 709 2891 ex.
756 2838 884 2891 continue
901 2835 935 2889 de
948 2836 1067 2892 flumine
1080 2836 1157 2891 habet

151 2920 244 2978 Varro
258 2917 293 2973 de
307 2922 343 2981 L.
356 2921 391 2980 L.
407 2939 436 2998 p.
457 2933 505 2983 12,
524 2918 575 2975 ubi
595 2920 694 2979 frustra
706 2924 773 2978 Ant.
787 2920 958 3001 Augustinus
973 2920 1055 2997 jubet
1069 2920 1156 3005 legere

153 3021 290 3064 continuo·

152 3193 203 3228 των
217 3168 371 3242 intirim
390 3202 433 3219 -
454 3164 496 3226 osu
510 3166 548 3227 roi
561 3175 637 3250 Mvp·
677 3173 843 3231 Macedot'no
866 3189 931 3230 nota
947 3177 974 3231 S.
1018 3172 1154 3232 Videntur

151 3251 263 3327 μηκῖδον
278 3256 326 3312 rod
339 3251 481 3318 Ἀθηναίου
500 3254 547 3311 καὶ
563 3259 636 3312 Καλ-
676 3260 736 3312 line
759 3261 846 3313 cicera
868 3261 897 3312 itt
915 3278 1078 3313 mucronem
1096 3277 1154 3313 actu

151 3339 296 3417 λαροίτονς
310 3338 358 3399 τοῦ
371 3333 583 3410 Λακεδαιμονίου,
607 3358 634 3397 ct
676 3344 812 3413 conjecta,
835 3346 881 3396 etsi
905 3342 1035 3417 inserere,
1055 3344 1086 3397 in
1108 3343 1153 3396 luc

150 3426 259 3480 Aelian.
282 3428 348 3484 Ver.
371 3424 431 3479 hill.
456 3446 487 3487 ι,
517 3442 562 3489 17.
597 3426 632 3481 cl.
675 3427 821 3487 sententia,
851 3426 933 3481 habet
960 3428 1038 3502 qnod
1068 3426 1154 3502 displi-

150 3508 223 3565 Plin.
243 3512 280 3565 H.
294 3512 334 3567 N.
351 3524 379 3577 7.
395 3524 443 3563 21.
466 3531 494 3585 p.
512 3511 550 3565 26
568 3512 632 3585 Bip.
674 3526 741 3564 ceat.
788 3513 920 3566 Continuo
951 3518 1008 3581 (art
1035 3516 1152 3567 continua

150 3593 210 3649 Cic.
229 3598 277 3651 Ac.
293 3604 331 3665 4,
351 3604 400 3662 58·
439 3596 533 3653 Varro
547 3596 581 3649 L.
597 3598 633 3651 L.
673 3594 734 3649 vid.
749 3610 808 3648 not.
827 3596 914 3663 Crit.)
937 3596 970 3647 ad
989 3597 1152 3675 lerierngra·

145 3694 175 3753 p.
194 3677 257 3750 Bip.
278 3692 327 3751 79.
369 3678 468 3751 Neque
491 3679 552 3732 latis
569 3699 632 3733 con·
648 3716 654 3727 .
672 3698 775 3733 norunt
792 3680 822 3731 itt
838 3699 894 3732 nna
916 3699 967 3732 acu
983 3682 1151 3733 continuato·

144 3760 195 3813 nat
218 3780 254 3819 ex
278 3760 332 3815 hoc
356 3762 442 3815 nostri
464 3761 526 3817 loco
550 3763 631 3835 quale
673 3783 746 3823 runt,
765 3784 798 3817 nn
812 3764 844 3817 ad
862 3767 949 3835 jactus
968 3765 1150 3834 concinnatio·

144 3842 232 3897 luerit
255 3846 402 3901 artificium
427 3846 498 3901 illud
512 3846 631 3905 Alexan·
671 3867 736 3903 nent
752 3852 867 3921 spectet,
883 3867 918 3900 ne
933 3849 1024 3921 ipsum
1040 3848 1149 3923 quidem

147 3924 202 3986 dro
226 3927 397 3986 ostentatum.
439 3931 534 4010 Vulgo
557 3930 629 3987 male
671 3932 802 3988 dixerim.
826 3934 934 3988 Videet
943 3933 1068 3988 Caelium
1078 3930 1148 3987 lilio·

129 4004 299 4085 'accipimus
326 4013 360 4068 de
396 4016 534 4071 foramine
564 4036 629 4075 acui,
670 4017 728 4094 dig.
753 4016 817 4071 lect.
832 4020 898 4071 Ant.
920 4032 970 4082 27,
987 4033 1022 4085 3¹
1043 4014 1092 4091 qui
1107 4012 1146 4067 nil

145 4114 195 4171 per
216 4095 290 4173 quod
315 4097 385 4167 jacta
408 4102 514 4155 ftterint
533 4120 627 4180 grana,
668 4101 727 4154 fere
748 4102 799 4158 nisi
814 4102 871 4176 ipit
885 4101 1054 4176 Quintiliani
1066 4098 1145 4156 verbi

144 4180 222 4262 quod
239 4178 360 4239 retunt
382 4184 494 4244 Bttlini
510 4187 542 4242 in
557 4204 629 4243 voce
668 4186 759 4263 pouit.
