2596 4710
188 374 265 453 334
423 362 479 431 Μ.
506 363 608 433 Fan.
634 358 949 455 QUINTILIANI

187 567 236 626 ut
251 549 469 639 Hannibal,
499 576 593 624 cum
612 545 786 624 inclusus
809 573 831 621 a
852 548 995 637 Fabio,
1021 546 1196 629 sannen·

187 668 239 740 tis
263 666 365 738 circa
388 690 538 742 cornua
564 666 692 740 boum
720 663 899 763 deligatis
931 666 1194 767 incensisque,

185 806 259 881 per
271 796 430 856 noctem
445 782 490 854 in
505 777 687 856 adversos
702 795 857 855 montes
873 805 989 879 agens
1005 801 1192 873 armenta,

185 893 356 994 speciem
383 892 489 971 hosti
518 895 698 970 abeuntis
727 896 919 970 exercitus
948 895 1082 971 dedit:
1125 896 1191 973 sed

185 1010 306 1085 illum
326 1007 491 1099 fefellit;
530 1007 633 1109 ipse,
668 1008 767 1107 quid
790 1035 934 1084 verum
958 1006 1072 1102 esset,
1107 1040 1190 1091 non

138 1152 179 1195 20
187 1127 397 1224 ignoravit.
454 1126 543 1199 Nec
566 1151 663 1200 vero
688 1125 975 1224 Theopompus
992 1114 1190 1202 ¹Lacedae·

186 1242 368 1328 moniuS,
398 1264 491 1314 cum
511 1255 735 1340 permutato
755 1266 846 1333 cum
862 1266 988 1315 uxore
1005 1241 1150 1318 habitu
1167 1268 1187 1317 e

185 1352 381 1442 custodia,
411 1371 459 1429 ut
471 1357 637 1444 mulier,
667 1350 801 1443 evasit,
828 1352 961 1428 falsam
980 1355 1030 1432 (le
1047 1355 1086 1431 se
1104 1360 1187 1459 opi·

184 1470 352 1546 nionem
366 1471 517 1558 habuit,
533 1468 601 1545 sed
615 1467 845 1546 custodibus
858 1471 1051 1568 praebuit
1090 1478 1186 1549 Item

186 1601 336 1675 orator,
368 1611 462 1661 cum
485 1583 581 1660 salso
612 1586 741 1661 utitur
764 1612 838 1685 pro
864 1611 982 1673 vero,
1019 1583 1091 1661 scit
1117 1584 1185 1685 else

183 1697 345 1787 falsum,
371 1725 501 1799 eoque
518 1684 646 1799 sepio
661 1724 761 1775 vero
779 1702 859 1775 uti:
897 1727 981 1776 non
1001 1726 1101 1803 ergo
1117 1702 1184 1777 fal·

183 1810 265 1889 sam
287 1814 406 1889 habet
427 1812 509 1918 ipse
535 1817 787 1917 opinionem,
813 1812 881 1888 sed
916 1814 1020 1890 fallit
1049 1819 1180 1893 alium.

136 1930 272 2005 ²1Nec
287 1933 449 2020 Cicero,
471 1954 562 2007 cum
583 1930 621 2004 l'e
640 1932 818 2006 tenebras
840 1925 1021 2007 offudisse
1044 1932 1182 2025 judici·

183 2045 260 2122 bus
282 2048 326 2121 in
350 2045 461 2122 eausa
474 2047 860 2146 Cluentiigloriatus
878 2043 952 2134 est,
980 2046 1088 2122 nihil
1105 2044 1180 2150 ipse

181 2161 297 2236 vidit.
354 2167 404 2236 Et
424 2165 573 2261 pictor,
600 2187 690 2237 cum
708 2160 751 2235 vi
769 2162 859 2237 artis
872 2158 962 2236 suae
979 2160 1116 2265 effieit,
1139 2176 1179 2239 ut

183 2274 378 2374 quaedam
393 2279 569 2351 eminere
580 2278 626 2351 in
642 2278 773 2375 opere,
794 2276 988 2374 quaedam
1005 2274 1177 2355 reeeffilse

131 2389 400 2480 sacredainus,
413 2389 495 2493 ipse
511 2415 555 2464 ea
567 2394 685 2490 plana
698 2387 771 2465 elle
786 2418 869 2467 non
887 2389 1022 2467 nescit.
1061 2398 1176 2487 Aiunt

177 2618 328 2669 „vocantst‘
376 2607 434 2661 eie.
457 2604 541 2661 nond.
565 2616 586 2679 4
613 2607 659 2661 seu
699 2602 808 2661 ἔκσῧσα·
835 2600 1027 2672 θαυμάσαντες
1046 2600 1129 2671 adria
1143 2599 1171 2661 ai

177 2689 290 2748 Lucull.
313 2710 336 2745 o.
353 2690 380 2745 6.
410 2691 446 2745 cf·
460 2690 542 2744 nostr.
564 2690 618 2745 hoc
633 2711 657 2745 c.
698 2686 805 2762 φιλανθ
839 2682 1022 2767 fossapudia
1036 2688 1170 2769 insapida

128 2823 129 2826 ,
174 2777 202 2844 p.
221 2784 273 2848 4²·
315 2776 517 2830 Definitionem
544 2773 657 2849 petvul·
697 2769 780 2830 εἵετὸ
796 2712 966 2850 αἰζμωτὴριαε
982 2769 1066 2839 uirili
1083 2778 1171 2853 napi·

174 2859 339 2937 gatissimam
373 2859 441 2915 vide
469 2860 554 2912 etiam
581 2857 656 2933 apud
696 2857 763 2920 daia,
786 2852 901 2923 ἤδὲτεὶν
916 2853 999 2924 avitis
1018 2858 1120 2925 ἰσθῆτα
1136 2854 1170 2929 τῇ

172 2943 329 2999 Lucianum
352 2944 383 2997 in
402 2946 520 2998 Parasito
544 2943 609 3002 Vol.
627 2959 654 3009 7.
697 2938 773 3021 ἄνδρ’
790 2942 942 3019 περιθεῖσα,
969 2939 1018 3005 vair
1037 2937 1169 3000 δαεῖεσυῖδ

171 3047 201 3103 p.
229 3040 287 3094 1⁰5
310 3028 372 3102 Bip.
401 3029 519 3082 totidem
550 3027 653 3083 verbis.
675 3022 765 3091 ,αὖτῆ
793 3026 935 3095 λαβοῦσα,
969 3031 1068 3085 ἔσεισεν
1095 3022 1168 3083 adria

170 3115 208 3167 Et
236 3112 321 3166 multi
348 3113 506 3185 sequiorum
541 3111 652 3166 habent.
695 3105 867 3181 ὗαεξελθεῒε·
889 3106 958 3176 adrui
981 3106 1168 3169 δέσῖετάὖτεῧ

171 3197 206 3250 οἱ
229 3196 319 3252 Schol.
341 3195 375 3251 ad
395 3196 534 3271 Aristoph.
556 3196 652 3253 Nubb.
694 3194 766 3274 napi
782 3200 837 3252 τοῖς
850 3198 987 3261 πολεμίας
1000 3198 1094 3266 satsat.
1122 3200 1167 3252 Po·

168 3298 200 3336 v.
218 3294 288 3347 517.
693 3283 807 3354 lyaenns
830 3284 965 3359 Strategg.
993 3293 1032 3352 8,
1058 3293 1097 3357 54
1123 3279 1166 3354 qni

148 3406 157 3423 .
210 3380 242 3418 ut
261 3364 401 3419 Hannibal.
427 3365 494 3420 Liv.
513 3379 561 3425 22,
583 3379 628 3428 17.
692 3366 768 3421 aliud
779 3364 900 3437 ejusdem
915 3367 1078 3446 stratagema
1090 3366 1165 3421 refert

216 3449 415 3523 l'haopompue·
457 3452 520 3504 Rex
547 3451 654 3522 Sparta·
700 3463 790 3516 1‚15.

167 3551 232 3593 nus,
254 3534 305 3606 qui
319 3534 449 3607 Eplioros
465 3534 595 3607 opposuit
610 3552 652 3588 ra·
733 3532 858 3610 offudisse
879 3563 921 3576 -
942 3535 1086 3608 gloriatus.
1133 3534 1162 3587 Sa

167 3615 260 3694 gibus,
275 3631 308 3671 ut
316 3618 354 3672 ait
363 3618 421 3673 Cic.
431 3615 572 3696 deLegib.
584 3632 610 3684 3,
622 3633 649 3684 7,
690 3617 786 3672 locnm
807 3618 951 3672 Ciceronis
972 3619 1107 3675 invenisse
1124 3634 1162 3671 ne·

167 3703 248 3771 cujus
262 3701 398 3775 praeclara
415 3702 648 3779 apophthegmata
689 3717 736 3781 gat
752 3703 831 3757 Gelu.
875 3705 976 3776 Neque
994 3720 1047 3789 ego
1064 3700 1160 3759 inveni.

165 3785 229 3838 lunt
251 3785 324 3858 apud
352 3784 426 3840 Plut.
447 3786 478 3839 in
500 3785 645 3860 Apoplnh.
688 3791 734 3842 An
749 3785 881 3840 familiari
897 3787 1163 3860 [ermonehocjacu-

166 3868 291 3921 Lacona,
327 3889 356 3944 p.
389 3885 446 3922 εει
472 3872 504 3927 C.
531 3867 646 3925 Χιλωνὶς
686 3872 731 3924 vit
746 3869 864 3925 Cicero?
900 3870 1002 3927 Nolim
1016 3870 1158 3947 quidquam

165 3946 276 4005 Κλεάδα
306 3949 447 4030 θυγάτηρ,
481 3952 645 4025 Θεσσόμτσα
685 3955 790 4010 fraudis
807 3957 945 4010 veilatum
964 3956 994 4008 in
1011 3971 1069 4011 tam
1085 3952 1158 4031 tragi-

163 4031 243 4106 γννῇ,
270 4034 398 4103 μαθοῦσα
421 4034 469 4095 τᾶν
490 4031 570 4114 ἄνδρα
592 4030 644 4095 dno*
684 4058 714 4094 ca
730 4041 823 4094 caula·
838 4039 932 4098 Julius
942 4040 1127 4106 Rufinianus(
1132 4056 1155 4112 p·
1197 4048 1201 4071 ¹

161 4110 292 4196 Ἀρκαδων
310 4120 490 4191 αἰχμάλωτον
502 4120 644 4196 φυλάττει
684 4139 742 4192 207
764 4123 853 4179 Rutil.
873 4125 948 4199 an.
972 4123 1016 4179 ed.
1037 4122 1156 4191 Ruhnh)

161 4202 246 4282 Ιθαι,
266 4192 350 4269 ἦλθεν
375 4206 400 4264 ls
419 4204 482 4266 τούς
501 4208 643 4279 καλαμοεσ
682 4208 816 4287 lunoQu.
830 4208 995 4266 sententiam
1007 4210 1156 4288 tepeant
