2596 4710
358 50 374 89 ἱ

258 325 380 427 msc
409 324 617 396 ontrou.
643 328 734 397 cn.
758 329 791 415 1,
821 282 879 399 η’.
995 325 1066 424 §37

62 541 201 595 neers
225 510 297 589 esse
320 513 515 591 videatur.
576 515 697 619 Quod
717 515 771 590 est
798 519 986 616 igiturin
1003 523 1095 610 hist

61 633 240 711 doctoris
268 628 470 707 officium?
533 633 579 703 ln
609 633 749 729 primis
782 636 897 724 vitia,
928 634 955 709 st
988 665 1068 739 qua

12 747 177 835 tosunt,
209 748 307 834 oris,
338 744 541 831 emendet:
573 762 621 818 ut
647 744 816 845 expressa
839 748 913 825 slnt
934 754 1068 845 verba,

60 880 113 941 ut
143 861 224 937 suis
261 887 442 960 quaeque
476 862 610 934 literae
650 861 755 936 sonis
789 869 1065 945 enuncientur.

60 975 323 1085 Quarundam
339 978 447 1050 enim
462 978 528 1049 vel
544 978 715 1050 exilitate
734 979 799 1052 vel
816 982 1068 1081 pinguitudi-

58 1120 117 1173 ne
136 1095 260 1167 nimia
283 1092 527 1167 laboramus:
560 1091 749 1190 quasdam
769 1097 882 1169 velut
898 1102 1068 1176 acriores

58 1234 208 1312 parum
227 1205 415 1281 efficimus
436 1223 474 1279 et
490 1208 595 1293 asiis,
624 1232 708 1282 non
731 1208 976 1288 dissimilibus
999 1212 1068 1289 [etl
1118 1266 1127 1285 .

58 1316 174 1430 quast
195 1322 483 1408 hebetioribus,
514 1338 793 1421 permutamus.
854 1328 1012 1431 Quippe
1037 1335 1094 1409 1²5

58 1447 221 1526 literae,
250 1464 327 1535 qua
350 1435 637 1512 Demosthenes
666 1465 829 1539 quoque
854 1442 1068 1534 laboravit,

42 1572 95 1643 ¹A
125 1553 298 1629 succedit
327 1554 523 1650 (quarunt
553 1554 614 1627 vis
640 1551 696 1625 est
727 1555 835 1654 apud
861 1584 935 1633 nos
966 1586 1068 1659 quo·
1098 1630 1104 1639 ,

58 1673 189 1773 que):
230 1684 388 1741 etcum
417 1668 450 1740 C
478 1693 520 1739 ac
550 1665 728 1742 similiter
757 1671 797 1748 G
823 1698 908 1747 non
930 1677 1068 1748 value.

58 1801 180 1873 runt,
207 1786 259 1859 in·
276 1785 372 1858 Tac
395 1783 443 1855 D
462 1783 714 1857 molliuntur.
783 1788 849 1860 Ne
871 1790 957 1864 illas
977 1793 1094 1890 qui-6

127 1947 327 2024 pinguitudine.
372 1946 457 2002 Goth.
478 1945 549 2015 (tac.
567 1947 660 2015 Geso.)
682 1949 851 2020 pinguedine.
879 1952 939 2005 vid.
963 1952 996 2008 de
1018 1955 1069 2009 hac

57 2054 135 2095 voce
150 2034 261 2089 Lexica.
430 2033 451 2086 C
466 2061 507 2072 -
524 2032 551 2085 G
567 2062 608 2073 —
629 2035 655 2084 in
675 2033 757 2086 Τ-
779 2034 807 2087 D
819 2036 983 2091 molliuntur.
1026 2043 1069 2092 sta

57 2136 134 2180 vett.
151 2117 213 2173 cdd.
230 2115 364 2189 usquead
380 2114 558 2189 Gryphium,
579 2115 610 2167 ui
625 2116 660 2176 s..
682 2136 764 2189 quam
781 2119 941 2192 scripturam
958 2122 1068 2195 primus

58 2222 107 2267 et,
131 2217 265 2276 qnantum
279 2201 380 2261 video,
402 2199 474 2254 solus
494 2201 638 2254 revocavit
656 2201 725 2256 Obr.
748 2221 811 2256 cum
829 2205 914 2258 ceteri
929 2205 961 2257 ud
978 2226 1067 2261 unum

59 2306 162 2346 omnes
182 2287 262 2340 deut:
286 2287 362 2339 G—
381 2285 409 2340 T
426 2314 465 2329 -
489 2291 515 2340 in
540 2285 567 2340 G
584 2314 624 2360 -ς
639 2287 666 2340 D
680 2288 843 2341 molliuntur.
887 2291 956 2344 cod.
972 2291 1065 2346 Gttels.

59 2379 115 2432 fic:
139 2394 168 2447 ‚g
183 2372 332 2424 maluerunt
354 2374 459 2425 intera.
475 2394 497 2424 c.
515 2371 540 2422 d.
556 2371 741 2426 denuntiantur.
786 2371 870 2426 Goth.
887 2396 915 2447 g.
933 2396 959 2427 n.
976 2377 1067 2447 tuine·
1111 2364 1114 2371 ¹

58 2475 127 2516 runt
146 2461 173 2512 in
187 2478 214 2510 a.
230 2478 251 2508 c.
268 2455 294 2507 d.
310 2446 496 2515 tsettinsiuutur.
528 2456 622 2508 Turic.
640 2471 737 2510 etcum
754 2455 931 2531 consimiliter
945 2482 974 2532 g.
991 2482 1016 2513 tt.
1033 2452 1067 2517 n'e

58 2544 207 2601 valuerunt
221 2544 287 2593 iuter
301 2562 325 2592 α.
340 2565 360 2593 e.
372 2542 398 2593 ts.
409 2541 593 2594 donaoliuntur.
616 2543 757 2614 Apparcnt
771 2561 806 2594 cx
820 2541 881 2614 ipsis
899 2542 968 2596 hisce
984 2545 1068 2600 sordi-

59 2630 209 2685 busverne
226 2625 373 2699 scripturae
387 2624 508 2703 vestigia.
531 2645 547 2676 n
562 2624 620 2696 post
633 2646 661 2697 g,
678 2625 753 2696 quod
768 2625 838 2685 etin
854 2624 915 2677 aliis
931 2627 966 2680 est
977 2630 1067 2686 Codd.

59 2734 119 2771 m
141 2709 258 2765 debebat
280 2710 376 2769 scribi,
398 2729 450 2783 pro
471 2728 529 2782 quo
551 2709 646 2761 lacuna
669 2710 704 2762 esi
724 2712 753 2762 in
770 2709 862 2765 (ineis.
886 2714 968 2772 incer,
990 2714 1068 2787 quod

61 2796 149 2853 habet
162 2790 264 2853 Guelf..
282 2809 445 2866 corruptum
460 2792 497 2847 est
512 2797 539 2846 in
558 2793 590 2847 Τ.
622 2793 688 2846 sude
703 2795 792 2853 vario,
810 2795 852 2848 scd
868 2794 947 2849 brevi
962 2816 1067 2862 omnes,

59 2876 215 2939 intervallo
240 2880 372 2931 recedunt
394 2879 492 2935 cett-ri,
513 2896 634 2948 quorum
656 2876 752 2930 collatu
770 2881 805 2931 est
820 2881 953 2941 varietas,
975 2883 1065 2939 codd.

59 2970 185 3041 Recepta
205 2962 293 3041 igitur
314 2964 349 3015 cst
372 2964 405 3017 ab
425 2962 519 3033 aliquo
536 2962 602 3015 sexti
618 2960 717 3013 decimi
733 2962 828 3022 seculi,
851 2963 1000 3038 interprete
1016 2985 1067 3041 po.

60 3052 120 3106 tius
145 3066 228 3121 quum
254 3048 375 3107 Critico,
399 3049 544 3120 scripturas
567 3045 654 3101 Cotitl.
679 3045 773 3118 (quod
795 3048 833 3099 ait
855 3052 907 3120 Qu.
927 3069 952 3110 1,
968 3048 996 3110 6,
1013 3056 1067 3121 22)

104 3165 307 3242 qual)cnt.-
328 3165 469 3217 laborauit.
499 3161 545 3218 Ci·
626 3165 666 3214 vis
696 3193 733 3203 -
763 3164 838 3233 apud
859 3183 914 3216 nos.
958 3167 1067 3220 Natura

60 3270 127 3307 ατο
148 3249 288 3325 elegantur
308 3247 341 3301 dc
364 3252 441 3303 Onu.
462 3268 486 3307 r,
503 3247 539 3301 61
586 3251 689 3318 (neque
712 3259 802 3300 tamen
826 3265 929 3300 nornen
949 3266 977 3301 et
997 3250 1067 3327 figu-

61 3338 168 3399 „Dcm.
191 3364 231 3374 -
256 3333 293 3385 ita
322 3331 418 3385 bulbus
443 3363 484 3374 -
514 3347 545 3384 ut
586 3335 629 3400 ra)
647 3350 741 3384 carum
764 3330 906 3384 literarum
924 3332 997 3405 apud
1014 3337 1068 3388 La·

60 3422 142 3492 „ejus
160 3419 242 3492 ipsun
259 3418 333 3476 artis,
356 3418 401 3468 cui
417 3417 544 3475 studeret,
588 3417 661 3468 tiuos
684 3417 733 3474 cst,
765 3415 946 3488 quamobrem
971 3418 1067 3472 eadem

60 3504 202 3581 „primam
235 3500 342 3554 litorum
372 3520 429 3553 nott
459 3502 545 3576 posset
587 3498 761 3577 cognitionis
791 3504 928 3554 occasune
958 3501 992 3579 tib
1021 3501 1067 3556 hit

60 3591 201 3653 ‚nliceref‘
252 3586 336 3640 Ludit
364 3586 391 3638 iu
414 3604 463 3645 co,
495 3585 545 3657 qui
586 3604 698 3657 qnoque
712 3586 784 3639 iuter
801 3587 824 3639 st·
839 3601 1044 3657 permutantur.

62 3672 216 3731 Alcibiadis
243 3670 324 3723 etiam
356 3686 429 3730 crat,
464 3691 545 3746 epav-
632 3671 709 3723 C-
727 3672 754 3724 0
772 3701 810 3711 --
827 3674 853 3723 iu
867 3671 944 3723 Τ-
962 3672 987 3724 D
1001 3672 1067 3726 mos·

61 3755 153 3827 λισμῷ
170 3755 362 3828 Aristophanes
377 3758 448 3827 Equ.
465 3775 492 3807 v.
504 3769 542 3827 79
586 3755 694 3808 simunt.
741 3752 837 3808 Mollis
853 3751 899 3806 illa
921 3755 956 3808 est
978 3773 1005 3810 et
1025 3757 1067 3809 itt·

62 3833 206 3901 Κλυπιδόν
228 3858 279 3912 pro
302 3838 386 3913 sipon.
411 3855 439 3894 et
462 3841 542 3913 Vesp.
586 3839 693 3892 santum
720 3839 832 3912 propria
859 3841 1066 3912 pronunciatio.

62 3940 103 4000 45
124 3919 214 3983 ‘onis
236 3924 351 3977 Θίωλος.
383 3925 417 3977 cs.
434 3926 491 3980 Cic.
508 3926 542 3976 ad
585 3941 720 3996 qttaepro
736 3939 905 3985 intraturam,
929 3944 979 3998 pro
997 3926 1066 3983 Gas-

61 4014 132 4081 Div.
154 4028 235 4070 2.1‹›
262 4010 351 4063 Ilissos
373 4028 424 4083 pto
449 4011 542 4063 Hirrus
585 4009 618 4059 Im
637 4010 752 4062 Dasium
771 4007 846 4061 dicit.
889 4009 1011 4063 Eandem
1030 4012 1067 4064 ir·
1131 3994 1137 4005 ⁹

60 4118 96 4153 ex
112 4094 327 4175 ingeniosissima
341 4093 466 4150 Manutii
479 4111 543 4148 cott-
584 4093 656 4145 ridet
673 4093 815 4147 lucianus
824 4092 854 4149 in
868 4094 957 4148 siceto
966 4093 1065 4158 libello

56 4183 175 4253 iccttun.
583 4177 649 4241 Δίκη
661 4176 806 4250 φωνηέντων
828 4196 856 4253 p·
882 4180 935 4249 (B.
951 4176 1014 4241 Vol.
1038 4179 1067 4245 ι)
