2596 4710
134 296 283 379 amw
385 374 388 383 Ι
461 278 800 353 PRAEFATIO.

138 487 201 549 que
217 469 307 531 enim
323 470 391 531 rer'n
411 470 551 541 dirimit,
583 472 605 533 fi
625 472 718 533 illum
736 475 765 550 §.
790 472 1019 553 14.orataris,
1045 468 1137 535 hunc

139 582 248 630 autem
265 572 434 631 rhetorices
448 574 546 634 tinem
561 573 620 634 affe
632 575 727 635 dicae.
779 572 837 633 Me
861 573 896 633 io
917 592 1060 635 errorem
1081 572 1136 635 de·

140 671 233 732 duxit
248 672 542 753 Capperonnerius,
567 676 621 755 qui
636 675 676 735 ad
692 688 724 754 5,
752 692 781 744 1,
808 673 863 737 16.
887 672 1037 743 affirmat,
1061 675 1140 736 For·

140 775 297 834 armatiani
318 787 417 834 artem
440 796 479 836 ex
501 777 725 859 Hermagoreis
746 777 920 858 praeceptis
939 775 999 838 effe
1017 773 1137 859 expres·

142 872 217 937 iam.
269 874 319 935 Ad
332 888 442 937 notam
449 877 528 939 Crit.
546 880 575 957 §.
590 886 648 956 54.
665 890 731 938 erat
743 878 927 939 excitandus
939 878 1027 939 locus
1041 878 1139 955 hujus

142 976 254 1056 capitis
272 977 302 1054 §.
326 987 366 1059 4,
397 978 490 1065 unde
507 992 670 1061 appareret
689 976 832 1041 Isocratis
854 998 923 1041 nan
939 978 1139 1062 poffeoedi

142 1074 231 1138 istam
246 1076 430 1139 finitionem
444 1079 631 1143 rhetorices.

220 1244 261 1299 a,
291 1240 353 1307 15,
379 1230 437 1309 56.
469 1242 593 1292 auctor.
645 1228 697 1291 Aa
714 1240 784 1292 nat.
807 1248 876 1293 exa
915 1226 956 1293 cf.
979 1227 1079 1312 Epist.
1100 1228 1142 1293 ad

144 1328 269 1415 Tryph.
291 1351 321 1392 1.
343 1331 509 1417 „legendis
521 1328 741 1393 auctoribus.⁸‘

221 1498 260 1551 Ω,
288 1484 348 1552 16,
370 1488 406 1564 4.
432 1474 625 1545 civitatium.
678 1478 942 1543 innarenn:
977 1478 1017 1546 ci.
1038 1498 1079 1553 Ω,
1106 1490 1142 1565 4.

148 1592 207 1663 55.
232 1583 289 1642 ubi
305 1584 437 1665 plurimi
452 1584 525 1645 libri
549 1587 608 1663 (ut
623 1582 728 1647 Guelf.
747 1596 780 1647 et
793 1582 867 1645 edd.
879 1584 1066 1669 pleraeque)
1092 1584 1145 1645 iti·

144 1680 220 1746 dem
235 1685 393 1746 omittunt
409 1687 434 1746 l.
501 1702 506 1715 ¹

224 1850 258 1905 a,
289 1835 344 1907 16.
375 1855 429 1899 10.
456 1834 771 1919 qnobeneutiir'cet.
822 1834 861 1900 cf.
880 1851 913 1909 Ω,
945 1855 999 1906 ιο,
1027 1848 1061 1915 5.

223 2000 257 2057 2,
289 2002 346 2061 17,
370 1997 430 2071 4ι.
457 1986 721 2070 perceptionibus.
773 1986 867 2058 Non,
890 2002 928 2048 ut
941 1989 1007 2049 dixi
1023 1989 1057 2048 in
1074 2000 1146 2051 not.

147 2082 247 2157 Crit,
273 2086 356 2153 salue
372 2088 436 2153 hoc
453 2091 508 2151 dat
523 2092 619 2153 Bem.
633 2090 736 2161 Cod.,
764 2090 989 2153 verumetiam
1001 2090 1110 2153 Turis.
1129 2109 1148 2152 a

146 2189 250 2274 prima
265 2210 378 2263 manu,
405 2205 584 2254 correctum
599 2192 716 2253 deinde
730 2212 834 2273 praec.

223 2354 256 2420 5,
288 2362 318 2413 ι,
345 2358 404 2404 ar.
439 2342 579 2405 Laenas.
629 2344 681 2413 sie
699 2340 764 2425 ipse
782 2342 890 2402 Turic.
912 2358 952 2400 ex
972 2339 1066 2401 altera
1085 2336 1149 2401 col·

147 2442 285 2512 latione,
314 2454 347 2505 et
364 2443 454 2525 supra
474 2464 510 2515 1,
537 2454 578 2525 4,
605 2455 665 2519 25.
695 2443 877 2512 Laenates,
907 2460 1088 2523 quanquam
1105 2458 1149 2503 na

149 2544 213 2605 illia
231 2544 364 2625 quidem
380 2546 415 2607 in
429 2545 581 2607 omnibus
602 2546 700 2607 libris.
753 2544 860 2605 Altera
874 2545 953 2604 item
967 2542 1094 2605 collatio
1114 2543 1151 2605 in

149 2646 259 2707 Turia.
274 2665 401 2729 quoque
415 2647 552 2709 ostendit
570 2646 716 2717 Tutilius,
742 2645 800 2707 haa
813 2643 876 2728 ipsa
890 2648 920 2724 §.

228 2810 261 2877 5,
288 2813 322 2869 a,
351 2820 382 2861 1.
405 2790 578 2893 summam.
611 2798 664 2861 Aa
678 2810 748 2861 not.
763 2797 863 2861 crin:
888 2797 998 2857 Turic.
1008 2782 1152 2885 sumam,

152 2900 205 2961 alt.
223 2898 295 2961 call.

230 3044 262 3111 5,
290 3045 322 3111 5,
351 3044 384 3105 7.
414 3029 506 3091 Idem
520 3030 553 3091 in
570 3028 718 3095 Oratore.
768 3030 901 3093 Adnot.
920 3028 1018 3092 Oria:
1044 3029 1154 3091 Etiam

150 3132 261 3195 Turia.
289 3130 380 3193 Idem
396 3151 466 3192 enm
480 3132 513 3192 in
527 3144 663 3205 aratore,
689 3130 853 3195 aiecrmtla
867 3150 975 3193 manu.

229 3298 268 3363 5,
298 3296 338 3363 5,
368 3300 403 3362 9.
436 3280 546 3375 pcfita
565 3286 700 3347 nomine.
751 3284 802 3347 Ad
821 3296 891 3345 not.
912 3282 1012 3345 Cain:
1044 3282 1156 3343 Etiam

153 3386 262 3448 Turia.
283 3404 322 3446 ex
341 3384 393 3447 alt.
409 3384 481 3447 call.
496 3384 627 3471 glaffam
643 3386 730 3447 illam
745 3381 1027 3466 Guelferbytanam
1046 3383 1155 3463 habet,

155 3485 208 3549 [ed
221 3486 340 3549 inserto
357 3486 478 3549 dicitnr
492 3500 566 3549 ante
584 3476 799 3579 dispensatio,
825 3502 858 3548 et
872 3488 906 3547 in
921 3486 1075 3571 margine.

232 3652 265 3717 5,
291 3648 326 3716 4,
355 3648 410 3717 14.
438 3652 632 3703 mutuantes.
682 3641 731 3703 Ad
746 3651 816 3702 not.
833 3638 931 3705 crin:
957 3634 998 3699 cf.
1017 3650 1051 3717 5,
1069 3650 1104 3715 5,
1120 3635 1155 3698 6.

154 3758 196 3799 ert
208 3758 245 3800 ea
256 3752 407 3800 nzntnan.

233 3903 273 3969 5,
302 3902 341 3967 5,
369 3906 402 3953 a.
430 3891 619 3967 irruperunt.
673 3889 722 3950 Aa
746 3902 816 3950 not.
841 3888 942 3951 Oria:
979 3890 1030 3952 Ex
1043 3890 1155 3951 Turia.

121 4032 124 4037 ·
154 3990 285 4059 effertur
297 3991 394 4063 altera
408 3991 579 4055 collatione
598 3991 785 4075 inruperint.
837 3991 903 4054 Sari
917 3989 1028 4054 confer
1040 3992 1081 4055 de
1093 3990 1159 4052 hoa
