<?xml version="1.0" encoding="UTF-8"?>
<!DOCTYPE html PUBLIC "-//W3C//DTD XHTML 1.0 Transitional//EN"
    "http://www.w3.org/TR/xhtml1/DTD/xhtml1-transitional.dtd">
<html xmlns="http://www.w3.org/1999/xhtml" xml:lang="en" lang="en">
 <head>
  <title>
</title>
<meta http-equiv="Content-Type" content="text/html;charset=utf-8" />
  <meta name='ocr-system' content='tesseract 3.04.00' />
  <meta name='ocr-capabilities' content='ocr_page ocr_carea ocr_par ocr_line ocrx_word'/>
</head>
<body>
  <div class='ocr_page' id='page_1' title='image "./deinstitutioneo07quingoog_0468.png"; bbox 0 0 2596 4710; ppageno 0'>
   <div class='ocr_carea' id='block_1_1' title="bbox 305 381 1126 483">
    <p class='ocr_par' dir='ltr' id='par_1_1' title="bbox 305 381 1126 483">
     <span class='ocr_line' id='line_1_1' title="bbox 305 381 1126 483; baseline 0.017 -34"><span class='ocrx_word' id='word_1_1' title='bbox 305 381 427 453; x_wconf 79' lang='lat' dir='ltr'>mar.</span> <span class='ocrx_word' id='word_1_2' title='bbox 452 383 661 456; x_wconf 81' lang='lat' dir='ltr'>ontron.</span> <span class='ocrx_word' id='word_1_3' title='bbox 691 386 782 481; x_wconf 77' lang='lat' dir='ltr'>mn.</span> <span class='ocrx_word' id='word_1_4' title='bbox 809 387 862 474; x_wconf 89' lang='lat' dir='ltr'>u,</span> <span class='ocrx_word' id='word_1_5' title='bbox 895 389 951 458; x_wconf 83' lang='lat'>16.</span> <span class='ocrx_word' id='word_1_6' title='bbox 1055 408 1126 483; x_wconf 74' lang='lat'>37²</span> 
     </span>
    </p>
   </div>
   <div class='ocr_carea' id='block_1_2' title="bbox 127 572 1267 1369">
    <p class='ocr_par' dir='ltr' id='par_1_2' title="bbox 127 572 1129 793">
     <span class='ocr_line' id='line_1_2' title="bbox 127 572 1128 664; baseline 0.005 -14"><span class='ocrx_word' id='word_1_7' title='bbox 127 573 266 650; x_wconf 88' lang='lat' dir='ltr'>moliri</span> <span class='ocrx_word' id='word_1_8' title='bbox 296 573 460 662; x_wconf 86' lang='lat' dir='ltr'>cubilia,</span> <span class='ocrx_word' id='word_1_9' title='bbox 496 590 536 647; x_wconf 87' lang='lat' dir='ltr'>et</span> <span class='ocrx_word' id='word_1_10' title='bbox 562 572 680 648; x_wconf 84' lang='lat' dir='ltr'><strong>nidos</strong></span> <span class='ocrx_word' id='word_1_11' title='bbox 708 586 857 664; x_wconf 78' lang='lat' dir='ltr'>texere,</span> <span class='ocrx_word' id='word_1_12' title='bbox 894 593 934 651; x_wconf 90' lang='lat' dir='ltr'>et</span> <span class='ocrx_word' id='word_1_13' title='bbox 960 577 1128 657; x_wconf 87' lang='lat' dir='ltr'>educare</span> 
     </span>
     <span class='ocr_line' id='line_1_3' title="bbox 128 674 1129 793; baseline 0.007 -28"><span class='ocrx_word' id='word_1_14' title='bbox 128 689 279 775; x_wconf 84' lang='lat' dir='ltr'>foetus,</span> <span class='ocrx_word' id='word_1_15' title='bbox 311 704 349 760; x_wconf 93' lang='lat' dir='ltr'>et</span> <span class='ocrx_word' id='word_1_16' title='bbox 379 687 606 778; x_wconf 86' lang='lat' dir='ltr'>excludere,</span> <span class='ocrx_word' id='word_1_17' title='bbox 647 674 748 788; x_wconf 83' lang='lat' dir='ltr'>quin</span> <span class='ocrx_word' id='word_1_18' title='bbox 785 693 904 767; x_wconf 84' lang='lat' dir='ltr'>etiam</span> <span class='ocrx_word' id='word_1_19' title='bbox 935 717 1129 793; x_wconf 77' lang='lat' dir='ltr'>reponere</span> 
     </span>
    </p>

    <p class='ocr_par' dir='ltr' id='par_1_3' title="bbox 127 804 1267 1369">
     <span class='ocr_line' id='line_1_4' title="bbox 127 804 1130 905; baseline 0.008 -25"><span class='ocrx_word' id='word_1_20' title='bbox 127 807 173 880; x_wconf 88' lang='lat' dir='ltr'>in</span> <span class='ocrx_word' id='word_1_21' title='bbox 206 805 380 878; x_wconf 86' lang='lat' dir='ltr'><strong>hiemem</strong></span> <span class='ocrx_word' id='word_1_22' title='bbox 407 804 609 891; x_wconf 85' lang='lat' dir='ltr'>alimenta,</span> <span class='ocrx_word' id='word_1_23' title='bbox 648 830 767 904; x_wconf 89' lang='lat' dir='ltr'>opera</span> <span class='ocrx_word' id='word_1_24' title='bbox 797 806 990 905; x_wconf 82' lang='lat' dir='ltr'>quaedam</span> <span class='ocrx_word' id='word_1_25' title='bbox 1013 811 1130 888; x_wconf 90' lang='lat' dir='ltr'>nobis</span> 
     </span>
     <span class='ocr_line' id='line_1_5' title="bbox 128 911 1149 1024; baseline 0.005 -29"><span class='ocrx_word' id='word_1_26' title='bbox 128 919 382 995; x_wconf 82' lang='lat' dir='ltr'>inimitabilia</span> <span class='ocrx_word' id='word_1_27' title='bbox 414 920 431 1014; x_wconf 85' lang='lat'>(</span> <span class='ocrx_word' id='word_1_28' title='bbox 438 921 568 1017; x_wconf 84' lang='lat' dir='ltr'>qualia</span> <span class='ocrx_word' id='word_1_29' title='bbox 592 917 684 993; x_wconf 88' lang='lat' dir='ltr'>sunt</span> <span class='ocrx_word' id='word_1_30' title='bbox 709 946 887 996; x_wconf 87' lang='lat' dir='ltr'>cerarum</span> <span class='ocrx_word' id='word_1_31' title='bbox 918 939 956 996; x_wconf 89' lang='lat' dir='ltr'>et</span> <span class='ocrx_word' id='word_1_32' title='bbox 980 911 1149 1024; x_wconf 65' lang='lat' dir='ltr'>mellis)x</span> 
     </span>
     <span class='ocr_line' id='line_1_6' title="bbox 129 1031 1267 1122; baseline 0.008 -14"><span class='ocrx_word' id='word_1_33' title='bbox 129 1033 300 1122; x_wconf 84' lang='lat' dir='ltr'>efficere,</span> <span class='ocrx_word' id='word_1_34' title='bbox 327 1034 565 1109; x_wconf 88' lang='lat' dir='ltr'>nonnullius</span> <span class='ocrx_word' id='word_1_35' title='bbox 588 1031 742 1109; x_wconf 85' lang='lat' dir='ltr'>fortalle</span> <span class='ocrx_word' id='word_1_36' title='bbox 766 1039 931 1113; x_wconf 85' lang='lat' dir='ltr'>rationis</span> <span class='ocrx_word' id='word_1_37' title='bbox 956 1037 1021 1112; x_wconf 88' lang='lat' dir='ltr'>est.</span> <span class='ocrx_word' id='word_1_38' title='bbox 1060 1037 1130 1115; x_wconf 90' lang='lat' dir='ltr'>led</span> <span class='ocrx_word' id='word_1_39' title='bbox 1159 1054 1160 1058; x_wconf 75' lang='grc'>’</span> <span class='ocrx_word' id='word_1_40' title='bbox 1262 1104 1267 1117; x_wconf 92' lang='grc'><em>.</em></span> 
     </span>
     <span class='ocr_line' id='line_1_7' title="bbox 129 1145 1129 1251; baseline 0.007 -29"><span class='ocrx_word' id='word_1_41' title='bbox 129 1152 225 1251; x_wconf 88' lang='lat' dir='ltr'>quia</span> <span class='ocrx_word' id='word_1_42' title='bbox 254 1164 384 1223; x_wconf 79' lang='lat' dir='ltr'>carent</span> <span class='ocrx_word' id='word_1_43' title='bbox 405 1145 603 1236; x_wconf 79' lang='lat' dir='ltr'>sermone,</span> <span class='ocrx_word' id='word_1_44' title='bbox 631 1166 733 1248; x_wconf 89' lang='lat' dir='ltr'>quae</span> <span class='ocrx_word' id='word_1_45' title='bbox 754 1149 798 1223; x_wconf 91' lang='lat' dir='ltr'>id</span> <span class='ocrx_word' id='word_1_46' title='bbox 822 1148 993 1242; x_wconf 86' lang='lat' dir='ltr'>faciunt,</span> <span class='ocrx_word' id='word_1_47' title='bbox 1022 1172 1129 1229; x_wconf 85' lang='lat' dir='ltr'>mata</span> 
     </span>
     <span class='ocr_line' id='line_1_8' title="bbox 130 1265 1174 1369; baseline 0.007 -31"><span class='ocrx_word' id='word_1_48' title='bbox 130 1280 249 1366; x_wconf 88' lang='lat' dir='ltr'>atque</span> <span class='ocrx_word' id='word_1_49' title='bbox 285 1265 527 1341; x_wconf 75' lang='lat' dir='ltr'>irrationalia</span> <span class='ocrx_word' id='word_1_50' title='bbox 556 1281 760 1341; x_wconf 89' lang='lat' dir='ltr'>vocantur.</span> <span class='ocrx_word' id='word_1_51' title='bbox 834 1270 1022 1369; x_wconf 90' lang='lat' dir='ltr'>Denique</span> <span class='ocrx_word' id='word_1_52' title='bbox 1052 1270 1174 1345; x_wconf 78' lang='lat' dir='ltr'>iro-²7</span> 
     </span>
    </p>
   </div>
   <div class='ocr_carea' id='block_1_3' title="bbox 129 1454 1132 1779">
    <p class='ocr_par' dir='ltr' id='par_1_4' title="bbox 129 1454 1132 1779">
     <span class='ocr_line' id='line_1_9' title="bbox 194 1454 1129 1533; baseline 0.002 -16"><span class='ocrx_word' id='word_1_53' title='bbox 194 1462 368 1518; x_wconf 75' lang='lat' dir='ltr'>inimitabilia.</span> <span class='ocrx_word' id='word_1_54' title='bbox 410 1464 482 1522; x_wconf 88' lang='lat' dir='ltr'>Jens.</span> <span class='ocrx_word' id='word_1_55' title='bbox 498 1454 580 1532; x_wconf 65' lang='grc' dir='ltr'>’(ιιι,</span> <span class='ocrx_word' id='word_1_56' title='bbox 603 1465 703 1533; x_wconf 73' lang='lat' dir='ltr'>Gelu).</span> <span class='ocrx_word' id='word_1_57' title='bbox 721 1463 895 1520; x_wconf 72' lang='lat' dir='ltr'>immutabilia</span> <span class='ocrx_word' id='word_1_58' title='bbox 917 1485 980 1520; x_wconf 86' lang='lat' dir='ltr'>cum</span> <span class='ocrx_word' id='word_1_59' title='bbox 1000 1465 1077 1521; x_wconf 86' lang='lat' dir='ltr'>votr.</span> <span class='ocrx_word' id='word_1_60' title='bbox 1103 1487 1129 1520; x_wconf 90' lang='grc' dir='ltr'>ι.</span> 
     </span>
     <span class='ocr_line' id='line_1_10' title="bbox 129 1545 1131 1625; baseline 0.002 -24"><span class='ocrx_word' id='word_1_61' title='bbox 129 1558 160 1601; x_wconf 86' lang='lat' dir='ltr'>et</span> <span class='ocrx_word' id='word_1_62' title='bbox 179 1545 240 1600; x_wconf 86' lang='lat' dir='ltr'>edd.</span> <span class='ocrx_word' id='word_1_63' title='bbox 262 1549 347 1600; x_wconf 75' lang='lat' dir='ltr'>Tura.</span> <span class='ocrx_word' id='word_1_64' title='bbox 369 1549 468 1603; x_wconf 72' lang='lat' dir='ltr'>venet.</span> <span class='ocrx_word' id='word_1_65' title='bbox 490 1549 567 1623; x_wconf 84' lang='lat' dir='ltr'>quod</span> <span class='ocrx_word' id='word_1_66' title='bbox 589 1549 712 1603; x_wconf 86' lang='lat' dir='ltr'>correxit</span> <span class='ocrx_word' id='word_1_67' title='bbox 732 1547 853 1625; x_wconf 77' lang='lat' dir='ltr'>Regina.</span> <span class='ocrx_word' id='word_1_68' title='bbox 885 1548 1023 1604; x_wconf 71' lang='lat' dir='ltr'>verissime</span> <span class='ocrx_word' id='word_1_69' title='bbox 1047 1550 1081 1603; x_wconf 86' lang='lat' dir='ltr'>cf.</span> <span class='ocrx_word' id='word_1_70' title='bbox 1105 1570 1131 1611; x_wconf 85' lang='grc' dir='ltr'>ι,</span> 
     </span>
     <span class='ocr_line' id='line_1_11' title="bbox 134 1631 1132 1703; baseline 0.004 -19"><span class='ocrx_word' id='word_1_71' title='bbox 134 1648 190 1692; x_wconf 79' lang='grc' dir='ltr'>ιιι,</span> <span class='ocrx_word' id='word_1_72' title='bbox 212 1646 230 1698; x_wconf 84' lang='lat'><strong>7</strong></span> <span class='ocrx_word' id='word_1_73' title='bbox 254 1631 407 1703; x_wconf 75' lang='lat' dir='ltr'>multisque</span> <span class='ocrx_word' id='word_1_74' title='bbox 429 1632 517 1688; x_wconf 88' lang='lat' dir='ltr'>Codd.</span> <span class='ocrx_word' id='word_1_75' title='bbox 541 1633 701 1688; x_wconf 74' lang='lat' dir='ltr'>auctoribus</span> <span class='ocrx_word' id='word_1_76' title='bbox 722 1633 816 1694; x_wconf 73' lang='lat' dir='ltr'>tacta.</span> <span class='ocrx_word' id='word_1_77' title='bbox 838 1648 871 1688; x_wconf 85' lang='lat' dir='ltr'>ut</span> <span class='ocrx_word' id='word_1_78' title='bbox 892 1632 985 1690; x_wconf 85' lang='lat' dir='ltr'>Guelf.</span> <span class='ocrx_word' id='word_1_79' title='bbox 1002 1633 1088 1690; x_wconf 85' lang='lat' dir='ltr'>Goth.</span> <span class='ocrx_word' id='word_1_80' title='bbox 1104 1644 1132 1689; x_wconf 78' lang='lat' dir='ltr'>et</span> 
     </span>
     <span class='ocr_line' id='line_1_12' title="bbox 130 1714 773 1779; baseline 0.002 -8"><span class='ocrx_word' id='word_1_81' title='bbox 130 1714 298 1771; x_wconf 79' lang='lat' dir='ltr'>Britannicis</span> <span class='ocrx_word' id='word_1_82' title='bbox 314 1715 403 1771; x_wconf 79' lang='lat' dir='ltr'>tribua</span> <span class='ocrx_word' id='word_1_83' title='bbox 421 1717 497 1772; x_wconf 87' lang='lat' dir='ltr'>haud</span> <span class='ocrx_word' id='word_1_84' title='bbox 513 1717 613 1779; x_wconf 85' lang='lat' dir='ltr'>dubie,</span> <span class='ocrx_word' id='word_1_85' title='bbox 635 1736 666 1770; x_wconf 81' lang='lat' dir='ltr'>ac</span> <span class='ocrx_word' id='word_1_86' title='bbox 678 1718 773 1772; x_wconf 82' lang='lat' dir='ltr'>Turio.</span> 
     </span>
    </p>
   </div>
   <div class='ocr_carea' id='block_1_4' title="bbox 129 1861 1177 4365">
    <p class='ocr_par' dir='ltr' id='par_1_5' title="bbox 129 1861 1177 4365">
     <span class='ocr_line' id='line_1_13' title="bbox 174 1861 1131 1936; baseline 0.005 -21"><span class='ocrx_word' id='word_1_87' title='bbox 174 1861 496 1917; x_wconf 75' lang='lat' dir='ltr'>educare-excludere.</span> <span class='ocrx_word' id='word_1_88' title='bbox 519 1863 613 1918; x_wconf 80' lang='lat' dir='ltr'>Priut·</span> <span class='ocrx_word' id='word_1_89' title='bbox 655 1879 689 1931; x_wconf 77' lang='lat'>5.</span> <span class='ocrx_word' id='word_1_90' title='bbox 706 1861 740 1923; x_wconf 84' lang='lat'>6.</span> <span class='ocrx_word' id='word_1_91' title='bbox 758 1873 808 1929; x_wconf 76' lang='lat'>⁵3·</span> <span class='ocrx_word' id='word_1_92' title='bbox 826 1870 875 1935; x_wconf 78' lang='lat'>⁵4·</span> <span class='ocrx_word' id='word_1_93' title='bbox 890 1873 940 1933; x_wconf 83' lang='lat'>8¹·</span> <span class='ocrx_word' id='word_1_94' title='bbox 957 1863 1008 1936; x_wconf 81' lang='grc'>86.</span> <span class='ocrx_word' id='word_1_95' title='bbox 1030 1876 1065 1933; x_wconf 81' lang='lat'>5.</span> <span class='ocrx_word' id='word_1_96' title='bbox 1084 1884 1131 1927; x_wconf 81' lang='lat' dir='ltr'>to,</span> 
     </span>
     <span class='ocr_line' id='line_1_14' title="bbox 131 1947 1131 2023; baseline 0.007 -26"><span class='ocrx_word' id='word_1_97' title='bbox 131 1962 168 2003; x_wconf 74' lang='lat' dir='ltr'>ne</span> <span class='ocrx_word' id='word_1_98' title='bbox 190 1964 256 2023; x_wconf 84' lang='lat' dir='ltr'>ergo</span> <span class='ocrx_word' id='word_1_99' title='bbox 278 1947 393 2000; x_wconf 78' lang='lat' dir='ltr'>erlucant</span> <span class='ocrx_word' id='word_1_100' title='bbox 415 1966 499 2018; x_wconf 81' lang='lat' dir='ltr'>quam</span> <span class='ocrx_word' id='word_1_101' title='bbox 521 1949 612 2003; x_wconf 82' lang='lat' dir='ltr'>exclu·</span> <span class='ocrx_word' id='word_1_102' title='bbox 655 1947 704 2014; x_wconf 81' lang='lat'>56.</span> <span class='ocrx_word' id='word_1_103' title='bbox 719 1951 791 2015; x_wconf 83' lang='lat' dir='ltr'>cet.)</span> <span class='ocrx_word' id='word_1_104' title='bbox 808 1961 836 2000; x_wconf 83' lang='lat' dir='ltr'>et</span> <span class='ocrx_word' id='word_1_105' title='bbox 853 1951 1013 2005; x_wconf 80' lang='lat' dir='ltr'>irrationalis</span> <span class='ocrx_word' id='word_1_106' title='bbox 1030 1954 1043 2017; x_wconf 67' lang='lat' dir='ltr'>s</span> <span class='ocrx_word' id='word_1_107' title='bbox 1050 1959 1085 2018; x_wconf 86' lang='lat'>8,</span> <span class='ocrx_word' id='word_1_108' title='bbox 1103 1949 1131 2010; x_wconf 83' lang='lat'>6,</span> 
     </span>
     <span class='ocr_line' id='line_1_15' title="bbox 133 2030 1143 2106; baseline 0.001 -21"><span class='ocrx_word' id='word_1_109' title='bbox 133 2030 225 2086; x_wconf 81' lang='lat' dir='ltr'>dunt?</span> <span class='ocrx_word' id='word_1_110' title='bbox 275 2031 382 2084; x_wconf 80' lang='lat' dir='ltr'>Similia</span> <span class='ocrx_word' id='word_1_111' title='bbox 411 2045 503 2085; x_wconf 75' lang='lat' dir='ltr'>tamen</span> <span class='ocrx_word' id='word_1_112' title='bbox 538 2033 611 2085; x_wconf 86' lang='lat' dir='ltr'>ratio</span> <span class='ocrx_word' id='word_1_113' title='bbox 657 2045 704 2098; x_wconf 77' lang='lat'>13.</span> <span class='ocrx_word' id='word_1_114' title='bbox 729 2049 776 2090; x_wconf 83' lang='grc' dir='ltr'>ιο,</span> <span class='ocrx_word' id='word_1_115' title='bbox 794 2044 821 2097; x_wconf 89' lang='lat'>7.</span> <span class='ocrx_word' id='word_1_116' title='bbox 841 2035 902 2098; x_wconf 87' lang='grc' dir='ltr'>ιι.)</span> <span class='ocrx_word' id='word_1_117' title='bbox 919 2035 1080 2106; x_wconf 82' lang='lat' dir='ltr'>ceteroquin</span> <span class='ocrx_word' id='word_1_118' title='bbox 1096 2033 1143 2087; x_wconf 76' lang='grc' dir='ltr'>οίὶι</span> 
     </span>
     <span class='ocr_line' id='line_1_16' title="bbox 132 2109 1133 2193; baseline 0 -23"><span class='ocrx_word' id='word_1_119' title='bbox 132 2116 279 2170; x_wconf 80' lang='lat' dir='ltr'>Homerici</span> <span class='ocrx_word' id='word_1_120' title='bbox 293 2114 383 2169; x_wconf 80' lang='lat' dir='ltr'>illius:</span> <span class='ocrx_word' id='word_1_121' title='bbox 405 2112 448 2171; x_wconf 72' lang='lat' dir='ltr'>iia</span> <span class='ocrx_word' id='word_1_122' title='bbox 461 2109 612 2193; x_wconf 67' lang='grc' dir='ltr'>τ’ἴτραφει</span> <span class='ocrx_word' id='word_1_123' title='bbox 654 2113 727 2188; x_wconf 83' lang='lat' dir='ltr'>apud</span> <span class='ocrx_word' id='word_1_124' title='bbox 742 2133 816 2169; x_wconf 88' lang='lat' dir='ltr'>enm.</span> <span class='ocrx_word' id='word_1_125' title='bbox 856 2118 894 2169; x_wconf 89' lang='lat' dir='ltr'>Et</span> <span class='ocrx_word' id='word_1_126' title='bbox 909 2115 1133 2175; x_wconf 75' lang='lat' dir='ltr'>haeciorntaha·</span> 
     </span>
     <span class='ocr_line' id='line_1_17' title="bbox 129 2191 1133 2273; baseline 0.003 -21"><span class='ocrx_word' id='word_1_127' title='bbox 129 2191 176 2263; x_wconf 65' lang='grc' dir='ltr'>ἧδ’</span> <span class='ocrx_word' id='word_1_128' title='bbox 192 2199 322 2270; x_wconf 77' lang='lat' dir='ltr'>lylrnrro,</span> <span class='ocrx_word' id='word_1_129' title='bbox 342 2200 376 2255; x_wconf 80' lang='lat' dir='ltr'>tle</span> <span class='ocrx_word' id='word_1_130' title='bbox 393 2219 450 2273; x_wconf 91' lang='lat' dir='ltr'>quo</span> <span class='ocrx_word' id='word_1_131' title='bbox 466 2221 521 2254; x_wconf 88' lang='lat' dir='ltr'>non</span> <span class='ocrx_word' id='word_1_132' title='bbox 540 2201 612 2255; x_wconf 84' lang='lat' dir='ltr'>male</span> <span class='ocrx_word' id='word_1_133' title='bbox 653 2197 700 2253; x_wconf 86' lang='lat' dir='ltr'>bat</span> <span class='ocrx_word' id='word_1_134' title='bbox 717 2199 862 2259; x_wconf 79' lang='lat' dir='ltr'>rationem,</span> <span class='ocrx_word' id='word_1_135' title='bbox 880 2199 1055 2273; x_wconf 74' lang='lat' dir='ltr'>aliorumque</span> <span class='ocrx_word' id='word_1_136' title='bbox 1072 2201 1133 2255; x_wconf 88' lang='lat' dir='ltr'>scri·</span> 
     </span>
     <span class='ocr_line' id='line_1_18' title="bbox 132 2283 1134 2358; baseline -0.002 -18"><span class='ocrx_word' id='word_1_137' title='bbox 132 2286 283 2340; x_wconf 79' lang='lat' dir='ltr'>Dammius</span> <span class='ocrx_word' id='word_1_138' title='bbox 299 2286 449 2343; x_wconf 76' lang='lat' dir='ltr'>inLexico</span> <span class='ocrx_word' id='word_1_139' title='bbox 463 2287 614 2342; x_wconf 87' lang='lat' dir='ltr'>Homerico</span> <span class='ocrx_word' id='word_1_140' title='bbox 654 2299 768 2358; x_wconf 81' lang='lat' dir='ltr'>prorum</span> <span class='ocrx_word' id='word_1_141' title='bbox 797 2283 893 2345; x_wconf 85' lang='lat' dir='ltr'>usum,</span> <span class='ocrx_word' id='word_1_142' title='bbox 921 2301 954 2340; x_wconf 92' lang='lat' dir='ltr'>ut</span> <span class='ocrx_word' id='word_1_143' title='bbox 980 2286 1134 2347; x_wconf 77' lang='lat' dir='ltr'>Cornificii,</span> 
     </span>
     <span class='ocr_line' id='line_1_19' title="bbox 135 2362 1133 2446; baseline 0.001 -24"><span class='ocrx_word' id='word_1_144' title='bbox 135 2388 165 2446; x_wconf 79' lang='lat' dir='ltr'>p.</span> <span class='ocrx_word' id='word_1_145' title='bbox 182 2385 273 2437; x_wconf 84' lang='lat'><strong>2377·</strong></span> <span class='ocrx_word' id='word_1_146' title='bbox 656 2370 700 2423; x_wconf 87' lang='lat' dir='ltr'>seu</span> <span class='ocrx_word' id='word_1_147' title='bbox 723 2368 813 2443; x_wconf 87' lang='lat' dir='ltr'>script.</span> <span class='ocrx_word' id='word_1_148' title='bbox 838 2362 1016 2424; x_wconf 58' lang='lat' dir='ltr'>illierenn.</span> <span class='ocrx_word' id='word_1_149' title='bbox 1033 2384 1066 2430; x_wconf 82' lang='lat'>2,</span> <span class='ocrx_word' id='word_1_150' title='bbox 1088 2384 1133 2423; x_wconf 75' lang='grc' dir='ltr'>ιι.</span> 
     </span>
     <span class='ocr_line' id='line_1_20' title="bbox 177 2451 1135 2529; baseline -0.003 -20"><span class='ocrx_word' id='word_1_151' title='bbox 177 2455 356 2509; x_wconf 82' lang='lat' dir='ltr'>inimitabilia.</span> <span class='ocrx_word' id='word_1_152' title='bbox 377 2453 437 2507; x_wconf 83' lang='lat' dir='ltr'>vid.</span> <span class='ocrx_word' id='word_1_153' title='bbox 452 2466 510 2509; x_wconf 66' lang='lat' dir='ltr'>not</span> <span class='ocrx_word' id='word_1_154' title='bbox 522 2455 592 2529; x_wconf 75' lang='grc' dir='ltr'>Οιίι.Ι</span> <span class='ocrx_word' id='word_1_155' title='bbox 655 2455 756 2527; x_wconf 85' lang='lat' dir='ltr'>Neque</span> <span class='ocrx_word' id='word_1_156' title='bbox 776 2452 850 2506; x_wconf 83' lang='lat' dir='ltr'>enim</span> <span class='ocrx_word' id='word_1_157' title='bbox 868 2453 1005 2513; x_wconf 82' lang='lat' dir='ltr'>adducor,</span> <span class='ocrx_word' id='word_1_158' title='bbox 1027 2470 1059 2506; x_wconf 89' lang='lat' dir='ltr'>ut</span> <span class='ocrx_word' id='word_1_159' title='bbox 1075 2451 1135 2509; x_wconf 89' lang='lat' dir='ltr'>Cel·</span> 
     </span>
     <span class='ocr_line' id='line_1_21' title="bbox 173 2536 1136 2619; baseline -0.003 -25"><span class='ocrx_word' id='word_1_160' title='bbox 173 2539 328 2594; x_wconf 86' lang='lat' dir='ltr'>nonnullius</span> <span class='ocrx_word' id='word_1_161' title='bbox 339 2569 376 2579; x_wconf 89' lang='lat'>-</span> <span class='ocrx_word' id='word_1_162' title='bbox 390 2542 510 2594; x_wconf 83' lang='lat' dir='ltr'>rationis.</span> <span class='ocrx_word' id='word_1_163' title='bbox 531 2543 616 2619; x_wconf 78' lang='lat' dir='ltr'>Egre-</span> <span class='ocrx_word' id='word_1_164' title='bbox 633 2540 700 2605; x_wconf 81' lang='lat' dir='ltr'>,s0‚</span> <span class='ocrx_word' id='word_1_165' title='bbox 721 2541 834 2591; x_wconf 83' lang='lat' dir='ltr'>Senecae</span> <span class='ocrx_word' id='word_1_166' title='bbox 855 2536 970 2609; x_wconf 84' lang='lat' dir='ltr'>aliisque</span> <span class='ocrx_word' id='word_1_167' title='bbox 992 2537 1136 2591; x_wconf 68' lang='lat' dir='ltr'>latinitatis</span> 
     </span>
     <span class='ocr_line' id='line_1_22' title="bbox 135 2620 1137 2702; baseline -0.002 -25"><span class='ocrx_word' id='word_1_168' title='bbox 135 2624 181 2702; x_wconf 74' lang='lat' dir='ltr'>gie</span> <span class='ocrx_word' id='word_1_169' title='bbox 217 2622 272 2677; x_wconf 90' lang='lat' dir='ltr'>hoc</span> <span class='ocrx_word' id='word_1_170' title='bbox 307 2623 480 2696; x_wconf 82' lang='lat' dir='ltr'>persequitur</span> <span class='ocrx_word' id='word_1_171' title='bbox 512 2622 614 2700; x_wconf 80' lang='lat' dir='ltr'>Virgil.</span> <span class='ocrx_word' id='word_1_172' title='bbox 658 2620 817 2677; x_wconf 75' lang='lat' dir='ltr'>auctoribus</span> <span class='ocrx_word' id='word_1_173' title='bbox 843 2621 966 2675; x_wconf 79' lang='lat' dir='ltr'>tribuam</span> <span class='ocrx_word' id='word_1_174' title='bbox 991 2622 1137 2678; x_wconf 82' lang='lat' dir='ltr'>rationabi-</span> 
     </span>
     <span class='ocr_line' id='line_1_23' title="bbox 137 2707 1138 2784; baseline -0.004 -21"><span class='ocrx_word' id='word_1_175' title='bbox 137 2709 240 2784; x_wconf 83' lang='lat' dir='ltr'>Georg.</span> <span class='ocrx_word' id='word_1_176' title='bbox 263 2716 298 2778; x_wconf 79' lang='grc'>4,</span> <span class='ocrx_word' id='word_1_177' title='bbox 325 2707 617 2778; x_wconf 74' lang='lat' dir='ltr'>219—227.incre·</span> <span class='ocrx_word' id='word_1_178' title='bbox 659 2707 711 2760; x_wconf 80' lang='lat' dir='ltr'>lam</span> <span class='ocrx_word' id='word_1_179' title='bbox 726 2720 753 2759; x_wconf 89' lang='lat' dir='ltr'>et</span> <span class='ocrx_word' id='word_1_180' title='bbox 768 2707 985 2766; x_wconf 85' lang='lat' dir='ltr'>irrationabilem,</span> <span class='ocrx_word' id='word_1_181' title='bbox 1004 2724 1071 2778; x_wconf 77' lang='lat' dir='ltr'>quas</span> <span class='ocrx_word' id='word_1_182' title='bbox 1087 2721 1138 2759; x_wconf 83' lang='lat' dir='ltr'>vo·</span> 
     </span>
     <span class='ocr_line' id='line_1_24' title="bbox 137 2788 1135 2864; baseline -0.004 -20"><span class='ocrx_word' id='word_1_183' title='bbox 137 2791 220 2847; x_wconf 77' lang='lat' dir='ltr'>dulus</span> <span class='ocrx_word' id='word_1_184' title='bbox 236 2807 326 2844; x_wconf 89' lang='lat' dir='ltr'>tamen</span> <span class='ocrx_word' id='word_1_185' title='bbox 345 2793 388 2850; x_wconf 80' lang='lat' dir='ltr'>iis,</span> <span class='ocrx_word' id='word_1_186' title='bbox 403 2792 452 2862; x_wconf 88' lang='lat' dir='ltr'>qui</span> <span class='ocrx_word' id='word_1_187' title='bbox 464 2791 617 2847; x_wconf 84' lang='lat' dir='ltr'>defendunt</span> <span class='ocrx_word' id='word_1_188' title='bbox 659 2808 702 2843; x_wconf 77' lang='lat' dir='ltr'>cea</span> <span class='ocrx_word' id='word_1_189' title='bbox 730 2790 782 2845; x_wconf 85' lang='lat' dir='ltr'>vix</span> <span class='ocrx_word' id='word_1_190' title='bbox 815 2788 955 2864; x_wconf 81' lang='lat' dir='ltr'>Appulejo</span> <span class='ocrx_word' id='word_1_191' title='bbox 988 2790 1135 2862; x_wconf 85' lang='lat' dir='ltr'>imputem.</span> 
     </span>
     <span class='ocr_line' id='line_1_25' title="bbox 137 2873 1137 2952; baseline -0.008 -20"><span class='ocrx_word' id='word_1_192' title='bbox 137 2875 296 2949; x_wconf 74' lang='lat' dir='ltr'>talin,qttod</span> <span class='ocrx_word' id='word_1_193' title='bbox 305 2875 420 2929; x_wconf 83' lang='lat' dir='ltr'>ostendit</span> <span class='ocrx_word' id='word_1_194' title='bbox 429 2875 505 2929; x_wconf 76' lang='lat' dir='ltr'>locut</span> <span class='ocrx_word' id='word_1_195' title='bbox 515 2877 616 2952; x_wconf 81' lang='lat' dir='ltr'>Georg.</span> <span class='ocrx_word' id='word_1_196' title='bbox 658 2873 741 2932; x_wconf 82' lang='lat' dir='ltr'>Nihil</span> <span class='ocrx_word' id='word_1_197' title='bbox 762 2874 818 2951; x_wconf 75' lang='lat' dir='ltr'>agit</span> <span class='ocrx_word' id='word_1_198' title='bbox 839 2874 1001 2930; x_wconf 76' lang='lat' dir='ltr'>Borricbins</span> <span class='ocrx_word' id='word_1_199' title='bbox 1024 2873 1137 2950; x_wconf 77' lang='lat' dir='ltr'>Cogita·</span> 
     </span>
     <span class='ocr_line' id='line_1_26' title="bbox 141 2956 1136 3033; baseline -0.006 -19"><span class='ocrx_word' id='word_1_200' title='bbox 141 2981 167 3022; x_wconf 88' lang='grc' dir='ltr'>ι,</span> <span class='ocrx_word' id='word_1_201' title='bbox 185 2972 373 3032; x_wconf 74' lang='lat'>415-423.</span> <span class='ocrx_word' id='word_1_202' title='bbox 659 2956 784 3013; x_wconf 70' lang='lat' dir='ltr'>tionibus</span> <span class='ocrx_word' id='word_1_203' title='bbox 810 2957 844 3010; x_wconf 90' lang='lat' dir='ltr'>de</span> <span class='ocrx_word' id='word_1_204' title='bbox 868 2957 915 3013; x_wconf 85' lang='lat' dir='ltr'>lat.</span> <span class='ocrx_word' id='word_1_205' title='bbox 946 2958 1014 3033; x_wconf 74' lang='lat' dir='ltr'>ling.</span> <span class='ocrx_word' id='word_1_206' title='bbox 1043 2971 1136 3011; x_wconf 78' lang='lat' dir='ltr'>aetati.</span> 
     </span>
     <span class='ocr_line' id='line_1_27' title="bbox 181 3040 1139 3116; baseline -0.007 -17"><span class='ocrx_word' id='word_1_207' title='bbox 181 3047 355 3102; x_wconf 75' lang='lat' dir='ltr'>irrationalia.</span> <span class='ocrx_word' id='word_1_208' title='bbox 373 3047 469 3098; x_wconf 87' lang='lat' dir='ltr'>Unum</span> <span class='ocrx_word' id='word_1_209' title='bbox 484 3043 618 3099; x_wconf 84' lang='lat' dir='ltr'>cod.Tn·</span> <span class='ocrx_word' id='word_1_210' title='bbox 658 3061 686 3116; x_wconf 82' lang='lat' dir='ltr'>p.</span> <span class='ocrx_word' id='word_1_211' title='bbox 707 3055 762 3108; x_wconf 85' lang='lat'>¹50</span> <span class='ocrx_word' id='word_1_212' title='bbox 786 3040 915 3100; x_wconf 76' lang='lat' dir='ltr'>„ultimas</span> <span class='ocrx_word' id='word_1_213' title='bbox 937 3057 964 3094; x_wconf 90' lang='lat' dir='ltr'>et</span> <span class='ocrx_word' id='word_1_214' title='bbox 979 3040 1139 3094; x_wconf 79' lang='lat' dir='ltr'>accuratilst·</span> 
     </span>
     <span class='ocr_line' id='line_1_28' title="bbox 136 3125 1137 3197; baseline -0.009 -13"><span class='ocrx_word' id='word_1_215' title='bbox 136 3130 268 3184; x_wconf 85' lang='lat' dir='ltr'>ricensem</span> <span class='ocrx_word' id='word_1_216' title='bbox 292 3146 430 3182; x_wconf 84' lang='lat' dir='ltr'>auctorem</span> <span class='ocrx_word' id='word_1_217' title='bbox 459 3144 552 3181; x_wconf 77' lang='lat' dir='ltr'>nactur</span> <span class='ocrx_word' id='word_1_218' title='bbox 576 3147 619 3181; x_wconf 86' lang='lat' dir='ltr'>re·</span> <span class='ocrx_word' id='word_1_219' title='bbox 657 3145 735 3186; x_wconf 80' lang='lat' dir='ltr'>„mes</span> <span class='ocrx_word' id='word_1_220' title='bbox 750 3127 878 3179; x_wconf 78' lang='lat' dir='ltr'>editiones</span> <span class='ocrx_word' id='word_1_221' title='bbox 892 3125 1075 3197; x_wconf 84' lang='lat' dir='ltr'>Quintiliaui“</span> <span class='ocrx_word' id='word_1_222' title='bbox 1092 3144 1137 3196; x_wconf 83' lang='lat' dir='ltr'>ap·</span> 
     </span>
     <span class='ocr_line' id='line_1_29' title="bbox 137 3208 1138 3291; baseline -0.007 -24"><span class='ocrx_word' id='word_1_223' title='bbox 137 3215 218 3291; x_wconf 80' lang='lat' dir='ltr'>posui</span> <span class='ocrx_word' id='word_1_224' title='bbox 248 3215 426 3287; x_wconf 78' lang='lat' dir='ltr'>scripturam,</span> <span class='ocrx_word' id='word_1_225' title='bbox 462 3232 533 3286; x_wconf 83' lang='lat' dir='ltr'>quae</span> <span class='ocrx_word' id='word_1_226' title='bbox 561 3230 618 3264; x_wconf 89' lang='lat' dir='ltr'>nou</span> <span class='ocrx_word' id='word_1_227' title='bbox 657 3208 801 3284; x_wconf 78' lang='lat' dir='ltr'>pallando,</span> <span class='ocrx_word' id='word_1_228' title='bbox 821 3227 884 3261; x_wconf 82' lang='lat' dir='ltr'>curn</span> <span class='ocrx_word' id='word_1_229' title='bbox 907 3228 941 3262; x_wconf 83' lang='lat' dir='ltr'>ue</span> <span class='ocrx_word' id='word_1_230' title='bbox 963 3208 1051 3264; x_wconf 85' lang='lat' dir='ltr'>Cotld.</span> <span class='ocrx_word' id='word_1_231' title='bbox 1078 3210 1138 3280; x_wconf 88' lang='lat' dir='ltr'>qui·</span> 
     </span>
     <span class='ocr_line' id='line_1_30' title="bbox 138 3293 1137 3369; baseline -0.005 -18"><span class='ocrx_word' id='word_1_232' title='bbox 138 3297 238 3351; x_wconf 87' lang='lat' dir='ltr'>dubito</span> <span class='ocrx_word' id='word_1_233' title='bbox 257 3299 324 3369; x_wconf 84' lang='lat' dir='ltr'>quin</span> <span class='ocrx_word' id='word_1_234' title='bbox 351 3317 417 3350; x_wconf 79' lang='lat' dir='ltr'>vera</span> <span class='ocrx_word' id='word_1_235' title='bbox 439 3300 483 3351; x_wconf 82' lang='lat' dir='ltr'>stt.</span> <span class='ocrx_word' id='word_1_236' title='bbox 525 3296 619 3351; x_wconf 83' lang='lat' dir='ltr'>Ceteri</span> <span class='ocrx_word' id='word_1_237' title='bbox 659 3293 722 3348; x_wconf 80' lang='lat' dir='ltr'>dem</span> <span class='ocrx_word' id='word_1_238' title='bbox 744 3295 774 3348; x_wconf 83' lang='lat' dir='ltr'>in</span> <span class='ocrx_word' id='word_1_239' title='bbox 799 3293 964 3365; x_wconf 83' lang='lat' dir='ltr'>hujusmodi</span> <span class='ocrx_word' id='word_1_240' title='bbox 982 3294 1137 3366; x_wconf 81' lang='lat' dir='ltr'>quaestione</span> 
     </span>
     <span class='ocr_line' id='line_1_31' title="bbox 138 3376 1177 3453; baseline -0.003 -18"><span class='ocrx_word' id='word_1_241' title='bbox 138 3400 236 3435; x_wconf 78' lang='lat' dir='ltr'>omncs</span> <span class='ocrx_word' id='word_1_242' title='bbox 253 3380 317 3435; x_wconf 88' lang='lat' dir='ltr'>libri</span> <span class='ocrx_word' id='word_1_243' title='bbox 338 3383 510 3436; x_wconf 79' lang='lat' dir='ltr'>consentiunt</span> <span class='ocrx_word' id='word_1_244' title='bbox 534 3382 562 3433; x_wconf 89' lang='lat' dir='ltr'>iu</span> <span class='ocrx_word' id='word_1_245' title='bbox 586 3386 619 3434; x_wconf 86' lang='lat' dir='ltr'>ir·</span> <span class='ocrx_word' id='word_1_246' title='bbox 659 3377 781 3432; x_wconf 89' lang='lat' dir='ltr'>multum</span> <span class='ocrx_word' id='word_1_247' title='bbox 798 3379 951 3453; x_wconf 83' lang='lat' dir='ltr'>proficiant.</span> <span class='ocrx_word' id='word_1_248' title='bbox 995 3379 1138 3433; x_wconf 84' lang='lat' dir='ltr'>irrationa·</span> <span class='ocrx_word' id='word_1_249' title='bbox 1174 3376 1177 3381; x_wconf 75' lang='grc'><strong>’</strong></span> 
     </span>
     <span class='ocr_line' id='line_1_32' title="bbox 139 3462 1138 3540; baseline -0.006 -19"><span class='ocrx_word' id='word_1_250' title='bbox 139 3466 330 3526; x_wconf 81' lang='lat' dir='ltr'>rationabilia,</span> <span class='ocrx_word' id='word_1_251' title='bbox 349 3480 376 3518; x_wconf 89' lang='lat' dir='ltr'>et</span> <span class='ocrx_word' id='word_1_252' title='bbox 390 3465 457 3520; x_wconf 82' lang='lat' dir='ltr'>solet</span> <span class='ocrx_word' id='word_1_253' title='bbox 472 3465 620 3540; x_wconf 73' lang='lat' dir='ltr'>Quintilia-</span> <span class='ocrx_word' id='word_1_254' title='bbox 660 3463 721 3516; x_wconf 80' lang='lat' dir='ltr'>bilis</span> <span class='ocrx_word' id='word_1_255' title='bbox 736 3463 772 3515; x_wconf 84' lang='lat' dir='ltr'>eil</span> <span class='ocrx_word' id='word_1_256' title='bbox 790 3463 818 3514; x_wconf 91' lang='lat' dir='ltr'>iu</span> <span class='ocrx_word' id='word_1_257' title='bbox 836 3462 982 3523; x_wconf 81' lang='lat' dir='ltr'>omnibut,</span> <span class='ocrx_word' id='word_1_258' title='bbox 1003 3477 1138 3536; x_wconf 82' lang='lat' dir='ltr'>quautum</span> 
     </span>
     <span class='ocr_line' id='line_1_33' title="bbox 140 3545 1139 3610; baseline -0.008 -5"><span class='ocrx_word' id='word_1_259' title='bbox 140 3571 193 3605; x_wconf 84' lang='lat' dir='ltr'>nus</span> <span class='ocrx_word' id='word_1_260' title='bbox 210 3571 225 3601; x_wconf 89' lang='lat' dir='ltr'>a</span> <span class='ocrx_word' id='word_1_261' title='bbox 240 3553 301 3606; x_wconf 87' lang='lat' dir='ltr'>VV.</span> <span class='ocrx_word' id='word_1_262' title='bbox 323 3552 391 3603; x_wconf 89' lang='lat' dir='ltr'>DD.</span> <span class='ocrx_word' id='word_1_263' title='bbox 415 3551 494 3603; x_wconf 84' lang='lat' dir='ltr'>citari</span> <span class='ocrx_word' id='word_1_264' title='bbox 514 3549 620 3603; x_wconf 82' lang='lat' dir='ltr'>vindex</span> <span class='ocrx_word' id='word_1_265' title='bbox 661 3546 754 3606; x_wconf 80' lang='lat' dir='ltr'>rideo,</span> <span class='ocrx_word' id='word_1_266' title='bbox 771 3545 859 3603; x_wconf 86' lang='lat' dir='ltr'>codd.</span> <span class='ocrx_word' id='word_1_267' title='bbox 869 3561 896 3600; x_wconf 87' lang='lat' dir='ltr'>et</span> <span class='ocrx_word' id='word_1_268' title='bbox 909 3545 970 3599; x_wconf 81' lang='lat' dir='ltr'>edd.</span> <span class='ocrx_word' id='word_1_269' title='bbox 986 3566 1030 3604; x_wconf 80' lang='grc' dir='ltr'>ιο,</span> <span class='ocrx_word' id='word_1_270' title='bbox 1047 3561 1074 3610; x_wconf 89' lang='lat'>7,</span> <span class='ocrx_word' id='word_1_271' title='bbox 1095 3566 1139 3598; x_wconf 86' lang='grc' dir='ltr'>ιι.</span> 
     </span>
     <span class='ocr_line' id='line_1_34' title="bbox 140 3630 1140 3708; baseline -0.004 -19"><span class='ocrx_word' id='word_1_272' title='bbox 140 3634 225 3706; x_wconf 78' lang='lat' dir='ltr'>liujus</span> <span class='ocrx_word' id='word_1_273' title='bbox 240 3635 334 3694; x_wconf 76' lang='lat' dir='ltr'>vocis,</span> <span class='ocrx_word' id='word_1_274' title='bbox 356 3654 407 3708; x_wconf 87' lang='lat' dir='ltr'>pro</span> <span class='ocrx_word' id='word_1_275' title='bbox 425 3655 478 3708; x_wconf 85' lang='lat' dir='ltr'>qua</span> <span class='ocrx_word' id='word_1_276' title='bbox 497 3634 621 3708; x_wconf 75' lang='lat' dir='ltr'>scripsisse</span> <span class='ocrx_word' id='word_1_277' title='bbox 662 3631 713 3685; x_wconf 83' lang='lat' dir='ltr'>nisi</span> <span class='ocrx_word' id='word_1_278' title='bbox 728 3632 803 3704; x_wconf 84' lang='lat' dir='ltr'>quod</span> <span class='ocrx_word' id='word_1_279' title='bbox 819 3631 944 3686; x_wconf 84' lang='lat' dir='ltr'>Stoeriua</span> <span class='ocrx_word' id='word_1_280' title='bbox 958 3647 986 3685; x_wconf 90' lang='lat' dir='ltr'>et</span> <span class='ocrx_word' id='word_1_281' title='bbox 996 3630 1140 3687; x_wconf 77' lang='lat' dir='ltr'>Cltouetut</span> 
     </span>
     <span class='ocr_line' id='line_1_35' title="bbox 142 3714 1141 3787; baseline -0.003 -14"><span class='ocrx_word' id='word_1_282' title='bbox 142 3739 205 3773; x_wconf 90' lang='lat' dir='ltr'>eum</span> <span class='ocrx_word' id='word_1_283' title='bbox 237 3719 282 3771; x_wconf 75' lang='lat' dir='ltr'>tic</span> <span class='ocrx_word' id='word_1_284' title='bbox 309 3720 409 3773; x_wconf 68' lang='lat' dir='ltr'>otianti</span> <span class='ocrx_word' id='word_1_285' title='bbox 446 3721 620 3779; x_wconf 78' lang='lat' dir='ltr'>irrationalia,</span> <span class='ocrx_word' id='word_1_286' title='bbox 663 3714 869 3787; x_wconf 86' lang='lat' dir='ltr'>(uesciouude)</span> <span class='ocrx_word' id='word_1_287' title='bbox 889 3715 955 3770; x_wconf 81' lang='lat' dir='ltr'>duit</span> <span class='ocrx_word' id='word_1_288' title='bbox 971 3715 1141 3775; x_wconf 83' lang='lat' dir='ltr'>irrationalis.</span> 
     </span>
     <span class='ocr_line' id='line_1_36' title="bbox 140 3800 1141 3878; baseline -0.003 -23"><span class='ocrx_word' id='word_1_289' title='bbox 140 3801 223 3878; x_wconf 73' lang='lat' dir='ltr'>plane</span> <span class='ocrx_word' id='word_1_290' title='bbox 238 3805 308 3856; x_wconf 83' lang='lat' dir='ltr'>milti</span> <span class='ocrx_word' id='word_1_291' title='bbox 323 3804 358 3855; x_wconf 82' lang='lat' dir='ltr'>all</span> <span class='ocrx_word' id='word_1_292' title='bbox 371 3804 536 3877; x_wconf 84' lang='lat' dir='ltr'>persuasum.</span> <span class='ocrx_word' id='word_1_293' title='bbox 560 3807 622 3857; x_wconf 89' lang='lat' dir='ltr'>Hoc</span> <span class='ocrx_word' id='word_1_294' title='bbox 663 3819 734 3874; x_wconf 81' lang='lat' dir='ltr'>quos</span> <span class='ocrx_word' id='word_1_295' title='bbox 758 3802 863 3855; x_wconf 75' lang='lat' dir='ltr'>secutur</span> <span class='ocrx_word' id='word_1_296' title='bbox 887 3800 923 3855; x_wconf 81' lang='lat' dir='ltr'>est</span> <span class='ocrx_word' id='word_1_297' title='bbox 950 3803 1048 3855; x_wconf 84' lang='lat' dir='ltr'>Burm.</span> <span class='ocrx_word' id='word_1_298' title='bbox 1078 3819 1141 3853; x_wconf 87' lang='lat' dir='ltr'>cum</span> 
     </span>
     <span class='ocr_line' id='line_1_37' title="bbox 141 3883 1142 3963; baseline -0.003 -24"><span class='ocrx_word' id='word_1_299' title='bbox 141 3887 256 3960; x_wconf 85' lang='lat' dir='ltr'>quidem</span> <span class='ocrx_word' id='word_1_300' title='bbox 273 3907 329 3940; x_wconf 87' lang='lat' dir='ltr'>uno</span> <span class='ocrx_word' id='word_1_301' title='bbox 344 3886 405 3941; x_wconf 89' lang='lat' dir='ltr'>loco</span> <span class='ocrx_word' id='word_1_302' title='bbox 420 3887 622 3963; x_wconf 85' lang='lat' dir='ltr'>usurpassebar·</span> <span class='ocrx_word' id='word_1_303' title='bbox 663 3885 840 3939; x_wconf 83' lang='lat' dir='ltr'>deseruiilent</span> <span class='ocrx_word' id='word_1_304' title='bbox 855 3884 933 3940; x_wconf 75' lang='lat' dir='ltr'>laid.</span> <span class='ocrx_word' id='word_1_305' title='bbox 949 3883 1022 3940; x_wconf 85' lang='lat' dir='ltr'>Gibs.</span> <span class='ocrx_word' id='word_1_306' title='bbox 1033 3883 1142 3940; x_wconf 77' lang='lat' dir='ltr'>atObr.</span> 
     </span>
     <span class='ocr_line' id='line_1_38' title="bbox 141 3967 1143 4046; baseline -0.004 -21"><span class='ocrx_word' id='word_1_307' title='bbox 141 3971 236 4025; x_wconf 73' lang='lat' dir='ltr'>baram</span> <span class='ocrx_word' id='word_1_308' title='bbox 254 3991 351 4025; x_wconf 80' lang='lat' dir='ltr'>vocem</span> <span class='ocrx_word' id='word_1_309' title='bbox 368 3974 544 4046; x_wconf 73' lang='lat' dir='ltr'>reperiretur,</span> <span class='ocrx_word' id='word_1_310' title='bbox 559 3991 623 4025; x_wconf 86' lang='lat' dir='ltr'>uam</span> <span class='ocrx_word' id='word_1_311' title='bbox 666 3973 737 4025; x_wconf 81' lang='lat' dir='ltr'>Item</span> <span class='ocrx_word' id='word_1_312' title='bbox 754 3983 789 4034; x_wconf 77' lang='lat'>3,</span> <span class='ocrx_word' id='word_1_313' title='bbox 812 3980 850 4035; x_wconf 74' lang='lat'>6.</span> <span class='ocrx_word' id='word_1_314' title='bbox 867 3978 887 4043; x_wconf 82' lang='lat'><strong>4</strong></span> <span class='ocrx_word' id='word_1_315' title='bbox 911 3967 1056 4026; x_wconf 79' lang='lat' dir='ltr'>Gotltanns</span> <span class='ocrx_word' id='word_1_316' title='bbox 1073 3968 1143 4022; x_wconf 74' lang='lat' dir='ltr'>cod.</span> 
     </span>
     <span class='ocr_line' id='line_1_39' title="bbox 140 4053 1145 4132; baseline -0.009 -19"><span class='ocrx_word' id='word_1_317' title='bbox 140 4055 268 4113; x_wconf 87' lang='lat' dir='ltr'>Declam.</span> <span class='ocrx_word' id='word_1_318' title='bbox 279 4070 348 4123; x_wconf 78' lang='lat'><strong>525.</strong></span> <span class='ocrx_word' id='word_1_319' title='bbox 363 4077 390 4130; x_wconf 85' lang='lat' dir='ltr'>p.</span> <span class='ocrx_word' id='word_1_320' title='bbox 405 4057 547 4131; x_wconf 76' lang='lat' dir='ltr'>(etlilip.)</span> <span class='ocrx_word' id='word_1_321' title='bbox 564 4071 623 4122; x_wconf 75' lang='lat'>527</span> <span class='ocrx_word' id='word_1_322' title='bbox 666 4060 736 4119; x_wconf 82' lang='lat' dir='ltr'>(tac.</span> <span class='ocrx_word' id='word_1_323' title='bbox 761 4055 840 4108; x_wconf 84' lang='lat' dir='ltr'>Gosn&#39;.</span> <span class='ocrx_word' id='word_1_324' title='bbox 851 4055 864 4123; x_wconf 88' lang='lat'>)</span> <span class='ocrx_word' id='word_1_325' title='bbox 874 4078 881 4091; x_wconf 91' lang='lat'><strong>·</strong></span> <span class='ocrx_word' id='word_1_326' title='bbox 893 4072 946 4132; x_wconf 80' lang='lat' dir='ltr'>pro</span> <span class='ocrx_word' id='word_1_327' title='bbox 969 4053 1145 4110; x_wconf 84' lang='lat' dir='ltr'>rationalibus</span> 
     </span>
     <span class='ocr_line' id='line_1_40' title="bbox 143 4134 1144 4215; baseline -0.001 -22"><span class='ocrx_word' id='word_1_328' title='bbox 143 4141 360 4201; x_wconf 82' lang='lat' dir='ltr'>„irrationabiles</span> <span class='ocrx_word' id='word_1_329' title='bbox 393 4141 533 4215; x_wconf 78' lang='lat' dir='ltr'>impetus¹⁶</span> <span class='ocrx_word' id='word_1_330' title='bbox 565 4160 624 4194; x_wconf 90' lang='lat' dir='ltr'>non</span> <span class='ocrx_word' id='word_1_331' title='bbox 666 4139 712 4192; x_wconf 88' lang='lat' dir='ltr'>dat</span> <span class='ocrx_word' id='word_1_332' title='bbox 727 4139 937 4195; x_wconf 82' lang='lat' dir='ltr'>rationabilibus.</span> <span class='ocrx_word' id='word_1_333' title='bbox 980 4140 1058 4197; x_wconf 84' lang='lat' dir='ltr'>Num</span> <span class='ocrx_word' id='word_1_334' title='bbox 1076 4134 1144 4208; x_wconf 78' lang='lat' dir='ltr'>quid</span> 
     </span>
     <span class='ocr_line' id='line_1_41' title="bbox 140 4215 1147 4301; baseline -0.008 -22"><span class='ocrx_word' id='word_1_335' title='bbox 140 4241 250 4283; x_wconf 77' lang='lat' dir='ltr'>moror.</span> <span class='ocrx_word' id='word_1_336' title='bbox 292 4226 450 4285; x_wconf 76' lang='lat' dir='ltr'>Rationalis</span> <span class='ocrx_word' id='word_1_337' title='bbox 471 4225 529 4299; x_wconf 75' lang='lat'>(3.</span> <span class='ocrx_word' id='word_1_338' title='bbox 544 4238 580 4295; x_wconf 76' lang='lat'>5,</span> <span class='ocrx_word' id='word_1_339' title='bbox 594 4233 625 4301; x_wconf 84' lang='lat'>4.</span> <span class='ocrx_word' id='word_1_340' title='bbox 667 4237 760 4298; x_wconf 75' lang='lat' dir='ltr'>tamen</span> <span class='ocrx_word' id='word_1_341' title='bbox 788 4222 862 4297; x_wconf 80' lang='lat' dir='ltr'>apud</span> <span class='ocrx_word' id='word_1_342' title='bbox 882 4239 1052 4299; x_wconf 81' lang='lat' dir='ltr'>quemquam</span> <span class='ocrx_word' id='word_1_343' title='bbox 1075 4215 1147 4274; x_wconf 83' lang='lat' dir='ltr'>vala·</span> 
     </span>
     <span class='ocr_line' id='line_1_42' title="bbox 724 4311 817 4365; baseline -0.022 -1"><span class='ocrx_word' id='word_1_344' title='bbox 724 4311 776 4365; x_wconf 73' lang='lat' dir='ltr'>Aa</span> <span class='ocrx_word' id='word_1_345' title='bbox 800 4323 817 4363; x_wconf 79' lang='grc' dir='ltr'>ι</span> 
     </span>
    </p>
   </div>
   <div class='ocr_carea' id='block_1_5' title="bbox 0 0 1318 4710">
    <p class='ocr_par' dir='ltr' id='par_1_6' title="bbox 0 0 1318 4710">
     <span class='ocr_line' id='line_1_43' title="bbox 0 0 1318 4710; baseline 0 0"><span class='ocrx_word' id='word_1_346' title='bbox 0 0 1318 4710; x_wconf 95' lang='lat' dir='ltr'> </span> 
     </span>
    </p>
   </div>
  </div>
 </body>
</html>
