<?xml version="1.0" encoding="UTF-8"?>
<!DOCTYPE html PUBLIC "-//W3C//DTD XHTML 1.0 Transitional//EN"
    "http://www.w3.org/TR/xhtml1/DTD/xhtml1-transitional.dtd">
<html xmlns="http://www.w3.org/1999/xhtml" xml:lang="en" lang="en">
 <head>
  <title>
</title>
<meta http-equiv="Content-Type" content="text/html;charset=utf-8" />
  <meta name='ocr-system' content='tesseract 3.04.00' />
  <meta name='ocr-capabilities' content='ocr_page ocr_carea ocr_par ocr_line ocrx_word'/>
</head>
<body>
  <div class='ocr_page' id='page_1' title='image "./deinstitutioneo07quingoog_0041.png"; bbox 0 0 2596 4710; ppageno 0'>
   <div class='ocr_carea' id='block_1_1' title="bbox 153 278 827 359">
    <p class='ocr_par' dir='ltr' id='par_1_1' title="bbox 153 278 827 359">
     <span class='ocr_line' id='line_1_1' title="bbox 153 278 827 359; baseline 0.004 -7"><span class='ocrx_word' id='word_1_1' title='bbox 153 278 267 357; x_wconf 59' lang='lat' dir='ltr'><strong>mm·</strong></span> <span class='ocrx_word' id='word_1_2' title='bbox 488 287 827 359; x_wconf 72' lang='lat' dir='ltr'><strong>PRAEFATIO:</strong></span> 
     </span>
    </p>
   </div>
   <div class='ocr_carea' id='block_1_2' title="bbox 132 472 1180 3954">
    <p class='ocr_par' dir='ltr' id='par_1_2' title="bbox 132 472 1180 3954">
     <span class='ocr_line' id='line_1_2' title="bbox 154 472 1160 595; baseline 0.005 -47"><span class='ocrx_word' id='word_1_3' title='bbox 154 474 339 566; x_wconf 78' lang='lat' dir='ltr'><strong>consilio,</strong></span> <span class='ocrx_word' id='word_1_4' title='bbox 383 487 431 557; x_wconf 88' lang='lat' dir='ltr'><strong>ut</strong></span> <span class='ocrx_word' id='word_1_5' title='bbox 451 479 543 555; x_wconf 65' lang='lat' dir='ltr'><strong>viro</strong></span> <span class='ocrx_word' id='word_1_6' title='bbox 568 473 886 578; x_wconf 77' lang='lat' dir='ltr'><strong>praestantissimo</strong></span> <span class='ocrx_word' id='word_1_7' title='bbox 912 472 1160 595; x_wconf 67' lang='lat' dir='ltr'><strong>insultarem,</strong></span> 
     </span>
     <span class='ocr_line' id='line_1_3' title="bbox 150 613 1161 715; baseline 0.002 -28"><span class='ocrx_word' id='word_1_8' title='bbox 150 613 219 687; x_wconf 81' lang='lat' dir='ltr'><strong>vel</strong></span> <span class='ocrx_word' id='word_1_9' title='bbox 228 636 358 689; x_wconf 77' lang='lat' dir='ltr'><strong>meam</strong></span> <span class='ocrx_word' id='word_1_10' title='bbox 372 613 635 715; x_wconf 80' lang='lat' dir='ltr'><strong>diligentiam,</strong></span> <span class='ocrx_word' id='word_1_11' title='bbox 660 637 753 713; x_wconf 85' lang='lat' dir='ltr'><strong>prae</strong></span> <span class='ocrx_word' id='word_1_12' title='bbox 767 617 852 705; x_wconf 87' lang='lat' dir='ltr'><strong>ejus</strong></span> <span class='ocrx_word' id='word_1_13' title='bbox 867 613 1036 702; x_wconf 85' lang='lat' dir='ltr'><strong>incuria,</strong></span> <span class='ocrx_word' id='word_1_14' title='bbox 1059 640 1161 689; x_wconf 89' lang='lat' dir='ltr'><strong>ven·</strong></span> 
     </span>
     <span class='ocr_line' id='line_1_4' title="bbox 152 742 1157 853; baseline 0.006 -34"><span class='ocrx_word' id='word_1_15' title='bbox 152 742 322 823; x_wconf 73' lang='lat' dir='ltr'><strong>ditorem</strong></span> <span class='ocrx_word' id='word_1_16' title='bbox 349 744 492 853; x_wconf 81' lang='lat' dir='ltr'><strong>&#39;·(nam</strong></span> <span class='ocrx_word' id='word_1_17' title='bbox 537 749 649 824; x_wconf 84' lang='lat' dir='ltr'><strong>stulti</strong></span> <span class='ocrx_word' id='word_1_18' title='bbox 686 763 769 822; x_wconf 83' lang='lat' dir='ltr'><strong>erat</strong></span> <span class='ocrx_word' id='word_1_19' title='bbox 806 750 851 822; x_wconf 88' lang='lat' dir='ltr'><strong>in</strong></span> <span class='ocrx_word' id='word_1_20' title='bbox 890 749 1157 847; x_wconf 81' lang='lat' dir='ltr'><strong>patientissimi</strong></span> 
     </span>
     <span class='ocr_line' id='line_1_5' title="bbox 151 881 1159 985; baseline 0.006 -31"><span class='ocrx_word' id='word_1_21' title='bbox 151 886 360 983; x_wconf 82' lang='lat' dir='ltr'><strong>cujuoque-</strong></span> <span class='ocrx_word' id='word_1_22' title='bbox 377 886 567 985; x_wconf 77' lang='lat' dir='ltr'><strong>mancipii</strong></span> <span class='ocrx_word' id='word_1_23' title='bbox 595 881 799 959; x_wconf 78' lang='lat' dir='ltr'><strong>stomacho</strong></span> <span class='ocrx_word' id='word_1_24' title='bbox 838 884 1006 983; x_wconf 83' lang='lat' dir='ltr'>gloriam</span> <span class='ocrx_word' id='word_1_25' title='bbox 1037 909 1159 984; x_wconf 85' lang='lat' dir='ltr'><strong>quae·</strong></span> 
     </span>
     <span class='ocr_line' id='line_1_6' title="bbox 148 1015 1159 1120; baseline 0.003 -29"><span class='ocrx_word' id='word_1_26' title='bbox 148 1015 284 1116; x_wconf 73' lang='lat' dir='ltr'><strong>rere),</strong></span> <span class='ocrx_word' id='word_1_27' title='bbox 309 1017 392 1095; x_wconf 85' lang='lat' dir='ltr'><strong>-sed</strong></span> <span class='ocrx_word' id='word_1_28' title='bbox 411 1036 528 1096; x_wconf 81' lang='lat' dir='ltr'><strong>ut‘ne</strong></span> <span class='ocrx_word' id='word_1_29' title='bbox 551 1020 642 1119; x_wconf 82' lang='lat' dir='ltr'><strong>quis</strong></span> <span class='ocrx_word' id='word_1_30' title='bbox 676 1019 856 1094; x_wconf 73' lang='lat' dir='ltr'><strong>haereret</strong></span> <span class='ocrx_word' id='word_1_31' title='bbox 883 1018 959 1093; x_wconf 92' lang='lat' dir='ltr'><strong>ubi</strong></span> <span class='ocrx_word' id='word_1_32' title='bbox 988 1016 1159 1120; x_wconf 88' lang='lat' dir='ltr'><strong>scriptu-</strong></span> 
     </span>
     <span class='ocr_line' id='line_1_7' title="bbox 147 1151 1157 1254; baseline 0.002 -27"><span class='ocrx_word' id='word_1_33' title='bbox 147 1176 233 1227; x_wconf 86' lang='lat' dir='ltr'><strong>ram</strong></span> <span class='ocrx_word' id='word_1_34' title='bbox 267 1154 458 1231; x_wconf 82' lang='lat' dir='ltr'><strong>Gotsmno</strong></span> <span class='ocrx_word' id='word_1_35' title='bbox 495 1153 638 1231; x_wconf 87' lang='lat' dir='ltr'><strong>Codici</strong></span> <span class='ocrx_word' id='word_1_36' title='bbox 666 1176 689 1224; x_wconf 77' lang='lat' dir='ltr'><strong>a</strong></span> <span class='ocrx_word' id='word_1_37' title='bbox 716 1177 783 1226; x_wconf 86' lang='lat' dir='ltr'><strong>me</strong></span> <span class='ocrx_word' id='word_1_38' title='bbox 824 1151 1014 1227; x_wconf 84' lang='lat' dir='ltr'><strong>tributam</strong></span> <span class='ocrx_word' id='word_1_39' title='bbox 1046 1153 1157 1254; x_wconf 85' lang='lat' dir='ltr'><strong>apud</strong></span> 
     </span>
     <span class='ocr_line' id='line_1_8' title="bbox 147 1282 1157 1388; baseline 0.003 -28"><span class='ocrx_word' id='word_1_40' title='bbox 147 1285 368 1365; x_wconf 87' lang='lat' dir='ltr'><strong>Gesnerum</strong></span> <span class='ocrx_word' id='word_1_41' title='bbox 393 1287 538 1363; x_wconf 76' lang='lat' dir='ltr'><strong>frustra</strong></span> <span class='ocrx_word' id='word_1_42' title='bbox 560 1282 782 1388; x_wconf 57' lang='lat' dir='ltr'><strong>quaesissem</strong></span> <span class='ocrx_word' id='word_1_43' title='bbox 834 1312 916 1385; x_wconf 91' lang='lat' dir='ltr'><strong>quo</strong></span> <span class='ocrx_word' id='word_1_44' title='bbox 941 1289 986 1361; x_wconf 90' lang='lat' dir='ltr'><strong>in</strong></span> <span class='ocrx_word' id='word_1_45' title='bbox 1010 1312 1157 1386; x_wconf 85' lang='lat' dir='ltr'><strong>genere</strong></span> 
     </span>
     <span class='ocr_line' id='line_1_9' title="bbox 146 1414 1156 1530; baseline 0.002 -35"><span class='ocrx_word' id='word_1_46' title='bbox 146 1420 269 1498; x_wconf 78' lang='lat' dir='ltr'><strong>sicubi</strong></span> <span class='ocrx_word' id='word_1_47' title='bbox 288 1420 557 1497; x_wconf 75' lang='lat' dir='ltr'><strong>noum-ittam</strong></span> <span class='ocrx_word' id='word_1_48' title='bbox 571 1444 701 1497; x_wconf 81' lang='lat' dir='ltr'><strong>meam</strong></span> <span class='ocrx_word' id='word_1_49' title='bbox 722 1437 795 1495; x_wconf 81' lang='lat' dir='ltr'><strong>tac.</strong></span> <span class='ocrx_word' id='word_1_50' title='bbox 822 1414 938 1530; x_wconf 65' lang='grc' dir='ltr'><strong>ὕψι</strong></span> <span class='ocrx_word' id='word_1_51' title='bbox 962 1420 1156 1521; x_wconf 88' lang='lat' dir='ltr'><strong>apposue-</strong></span> 
     </span>
     <span class='ocr_line' id='line_1_10' title="bbox 145 1553 1156 1644; baseline 0.001 -11"><span class='ocrx_word' id='word_1_52' title='bbox 145 1560 225 1633; x_wconf 87' lang='lat' dir='ltr'><strong>rim</strong></span> <span class='ocrx_word' id='word_1_53' title='bbox 254 1555 371 1644; x_wconf 81' lang='lat' dir='ltr'><strong>salso,</strong></span> <span class='ocrx_word' id='word_1_54' title='bbox 409 1576 545 1633; x_wconf 73' lang='lat' dir='ltr'><strong>manes</strong></span> <span class='ocrx_word' id='word_1_55' title='bbox 576 1553 740 1631; x_wconf 83' lang='lat' dir='ltr'><strong>Gesneri</strong></span> <span class='ocrx_word' id='word_1_56' title='bbox 774 1554 1020 1631; x_wconf 75' lang='lat' dir='ltr'><strong>libentissime</strong></span> <span class='ocrx_word' id='word_1_57' title='bbox 1048 1558 1156 1634; x_wconf 84' lang='lat' dir='ltr'><strong>mihi·</strong></span> 
     </span>
     <span class='ocr_line' id='line_1_11' title="bbox 143 1688 1153 1792; baseline 0.003 -26"><span class='ocrx_word' id='word_1_58' title='bbox 143 1688 358 1791; x_wconf 85' lang='lat' dir='ltr'><strong>ignoscent</strong></span> <span class='ocrx_word' id='word_1_59' title='bbox 437 1689 547 1765; x_wconf 85' lang='lat' dir='ltr'><strong>Illud</strong></span> <span class='ocrx_word' id='word_1_60' title='bbox 573 1714 622 1765; x_wconf 88' lang='lat' dir='ltr'><strong>ex</strong></span> <span class='ocrx_word' id='word_1_61' title='bbox 643 1689 738 1789; x_wconf 87' lang='lat' dir='ltr'><strong>ipfis</strong></span> <span class='ocrx_word' id='word_1_62' title='bbox 764 1716 787 1763; x_wconf 81' lang='lat' dir='ltr'>a</span> <span class='ocrx_word' id='word_1_63' title='bbox 816 1688 992 1768; x_wconf 88' lang='lat' dir='ltr'><strong>Gesnero</strong></span> <span class='ocrx_word' id='word_1_64' title='bbox 1012 1691 1153 1792; x_wconf 79' lang='lat' dir='ltr'><strong>positis</strong></span> 
     </span>
     <span class='ocr_line' id='line_1_12' title="bbox 142 1826 1153 1925; baseline 0.005 -26"><span class='ocrx_word' id='word_1_65' title='bbox 142 1826 345 1925; x_wconf 89' lang='lat' dir='ltr'><strong>scripturis</strong></span> <span class='ocrx_word' id='word_1_66' title='bbox 377 1826 484 1903; x_wconf 86' lang='lat' dir='ltr'><strong>Msti</strong></span> <span class='ocrx_word' id='word_1_67' title='bbox 513 1826 712 1913; x_wconf 78' lang='lat' dir='ltr'><strong>Gothum,</strong></span> <span class='ocrx_word' id='word_1_68' title='bbox 769 1827 893 1924; x_wconf 79' lang='lat' dir='ltr'><strong>magis</strong></span> <span class='ocrx_word' id='word_1_69' title='bbox 931 1841 1063 1901; x_wconf 85' lang='lat' dir='ltr'><strong>tamen</strong></span> <span class='ocrx_word' id='word_1_70' title='bbox 1101 1853 1153 1904; x_wconf 82' lang='lat' dir='ltr'><strong>ex</strong></span> 
     </span>
     <span class='ocr_line' id='line_1_13' title="bbox 141 1955 1152 2061; baseline 0.006 -28"><span class='ocrx_word' id='word_1_71' title='bbox 141 1962 262 2048; x_wconf 88' lang='lat' dir='ltr'><strong>meis,</strong></span> <span class='ocrx_word' id='word_1_72' title='bbox 315 1963 509 2061; x_wconf 83' lang='lat' dir='ltr'><strong>cognovi,</strong></span> <span class='ocrx_word' id='word_1_73' title='bbox 558 1955 635 2033; x_wconf 79' lang='lat' dir='ltr'><strong>&#39;esse</strong></span> <span class='ocrx_word' id='word_1_74' title='bbox 666 1956 862 2033; x_wconf 85' lang='lat' dir='ltr'><strong>summam</strong></span> <span class='ocrx_word' id='word_1_75' title='bbox 898 1962 1075 2037; x_wconf 84' lang='lat' dir='ltr'><strong>Gothani</strong></span> <span class='ocrx_word' id='word_1_76' title='bbox 1108 1978 1152 2039; x_wconf 89' lang='lat' dir='ltr'><strong>et</strong></span> 
     </span>
     <span class='ocr_line' id='line_1_14' title="bbox 140 2092 1151 2173; baseline 0.005 -5"><span class='ocrx_word' id='word_1_77' title='bbox 140 2095 310 2170; x_wconf 81' lang='lat' dir='ltr'><strong>Vossrani</strong></span> <span class='ocrx_word' id='word_1_78' title='bbox 360 2094 527 2171; x_wconf 85' lang='lat' dir='ltr'><strong>secundi</strong></span> <span class='ocrx_word' id='word_1_79' title='bbox 578 2092 778 2171; x_wconf 86' lang='lat' dir='ltr'><strong>Codicum</strong></span> <span class='ocrx_word' id='word_1_80' title='bbox 831 2093 1151 2173; x_wconf 73' lang='lat' dir='ltr'><strong>fintfitudjnem.</strong></span> 
     </span>
     <span class='ocr_line' id='line_1_15' title="bbox 140 2227 1149 2327; baseline 0.002 -20"><span class='ocrx_word' id='word_1_81' title='bbox 140 2233 267 2325; x_wconf 76' lang='lat' dir='ltr'><strong>Cuius</strong></span> <span class='ocrx_word' id='word_1_82' title='bbox 289 2234 347 2305; x_wconf 83' lang='lat' dir='ltr'><strong>rei</strong></span> <span class='ocrx_word' id='word_1_83' title='bbox 370 2227 426 2303; x_wconf 82' lang='lat' dir='ltr'><strong>[at</strong></span> <span class='ocrx_word' id='word_1_84' title='bbox 451 2230 577 2305; x_wconf 82' lang='lat' dir='ltr'><strong>multa</strong></span> <span class='ocrx_word' id='word_1_85' title='bbox 604 2229 784 2327; x_wconf 86' lang='lat' dir='ltr'><strong>exemplo</strong></span> <span class='ocrx_word' id='word_1_86' title='bbox 808 2227 976 2306; x_wconf 84' lang='lat' dir='ltr'><strong>attulisse</strong></span> <span class='ocrx_word' id='word_1_87' title='bbox 1002 2232 1149 2309; x_wconf 87' lang='lat' dir='ltr'><strong>videor</strong></span> 
     </span>
     <span class='ocr_line' id='line_1_16' title="bbox 138 2364 1148 2453; baseline 0.002 -12"><span class='ocrx_word' id='word_1_88' title='bbox 138 2366 184 2441; x_wconf 86' lang='lat' dir='ltr'><strong>in</strong></span> <span class='ocrx_word' id='word_1_89' title='bbox 206 2368 316 2444; x_wconf 87' lang='lat' dir='ltr'><strong>notis</strong></span> <span class='ocrx_word' id='word_1_90' title='bbox 336 2366 513 2453; x_wconf 84' lang='lat' dir='ltr'><strong>Criticis,</strong></span> <span class='ocrx_word' id='word_1_91' title='bbox 550 2379 598 2438; x_wconf 93' lang='lat' dir='ltr'><strong>ut</strong></span> <span class='ocrx_word' id='word_1_92' title='bbox 622 2365 750 2439; x_wconf 85' lang='lat' dir='ltr'><strong>cuivis</strong></span> <span class='ocrx_word' id='word_1_93' title='bbox 770 2364 991 2441; x_wconf 82' lang='lat' dir='ltr'><strong>attendenti</strong></span> <span class='ocrx_word' id='word_1_94' title='bbox 1014 2365 1148 2443; x_wconf 81' lang='lat' dir='ltr'><strong>obser·</strong></span> 
     </span>
     <span class='ocr_line' id='line_1_17' title="bbox 138 2497 1148 2601; baseline 0.003 -25"><span class='ocrx_word' id='word_1_95' title='bbox 138 2503 247 2579; x_wconf 81' lang='lat' dir='ltr'><strong>vatio</strong></span> <span class='ocrx_word' id='word_1_96' title='bbox 264 2525 353 2576; x_wconf 83' lang='lat' dir='ltr'><strong>mea</strong></span> <span class='ocrx_word' id='word_1_97' title='bbox 374 2497 665 2601; x_wconf 83' lang='lat' dir='ltr'><strong>persuadeatur.</strong></span> <span class='ocrx_word' id='word_1_98' title='bbox 724 2500 904 2575; x_wconf 88' lang='lat' dir='ltr'><strong>Pretium</strong></span> <span class='ocrx_word' id='word_1_99' title='bbox 927 2525 1071 2578; x_wconf 87' lang='lat' dir='ltr'><strong>vereor</strong></span> <span class='ocrx_word' id='word_1_100' title='bbox 1092 2528 1148 2579; x_wconf 89' lang='lat' dir='ltr'><strong>ne</strong></span> 
     </span>
     <span class='ocr_line' id='line_1_18' title="bbox 137 2631 1146 2738; baseline 0.002 -26"><span class='ocrx_word' id='word_1_101' title='bbox 137 2637 313 2713; x_wconf 84' lang='lat' dir='ltr'><strong>nimium</strong></span> <span class='ocrx_word' id='word_1_102' title='bbox 334 2637 441 2712; x_wconf 88' lang='lat' dir='ltr'><strong>libro</strong></span> <span class='ocrx_word' id='word_1_103' title='bbox 469 2633 703 2710; x_wconf 76' lang='lat' dir='ltr'><strong>statuarum</strong></span> <span class='ocrx_word' id='word_1_104' title='bbox 725 2631 909 2712; x_wconf 83' lang='lat' dir='ltr'><strong>Gesnero.</strong></span> <span class='ocrx_word' id='word_1_105' title='bbox 995 2640 1146 2738; x_wconf 83' lang='lat' dir='ltr'><strong>Neque</strong></span> 
     </span>
     <span class='ocr_line' id='line_1_19' title="bbox 136 2768 1144 2869; baseline 0.006 -24"><span class='ocrx_word' id='word_1_106' title='bbox 136 2774 246 2846; x_wconf 84' lang='lat' dir='ltr'><strong>enim</strong></span> <span class='ocrx_word' id='word_1_107' title='bbox 267 2794 378 2859; x_wconf 89' lang='lat' dir='ltr'><strong>raro,</strong></span> <span class='ocrx_word' id='word_1_108' title='bbox 430 2771 504 2845; x_wconf 89' lang='lat' dir='ltr'><strong>ubi</strong></span> <span class='ocrx_word' id='word_1_109' title='bbox 527 2795 598 2869; x_wconf 85' lang='lat' dir='ltr'><strong>par</strong></span> <span class='ocrx_word' id='word_1_110' title='bbox 623 2772 703 2846; x_wconf 92' lang='lat' dir='ltr'><strong>hoc</strong></span> <span class='ocrx_word' id='word_1_111' title='bbox 724 2768 925 2847; x_wconf 77' lang='lat' dir='ltr'><strong>Codicum</strong></span> <span class='ocrx_word' id='word_1_112' title='bbox 948 2796 970 2845; x_wconf 84' lang='lat' dir='ltr'>a</span> <span class='ocrx_word' id='word_1_113' title='bbox 990 2791 1144 2851; x_wconf 65' lang='lat' dir='ltr'><strong>cetero⁴</strong></span> 
     </span>
     <span class='ocr_line' id='line_1_20' title="bbox 136 2905 1143 2995; baseline 0.006 -15"><span class='ocrx_word' id='word_1_114' title='bbox 136 2930 228 2983; x_wconf 89' lang='lat' dir='ltr'><strong>rum</strong></span> <span class='ocrx_word' id='word_1_115' title='bbox 257 2908 443 2981; x_wconf 88' lang='lat' dir='ltr'><strong>omnium</strong></span> <span class='ocrx_word' id='word_1_116' title='bbox 464 2907 698 2981; x_wconf 82' lang='lat' dir='ltr'><strong>auctoritate</strong></span> <span class='ocrx_word' id='word_1_117' title='bbox 718 2905 886 2995; x_wconf 80' lang='lat' dir='ltr'><strong>recedit,</strong></span> <span class='ocrx_word' id='word_1_118' title='bbox 922 2908 1143 2986; x_wconf 87' lang='lat' dir='ltr'><strong>inveniun-</strong></span> 
     </span>
     <span class='ocr_line' id='line_1_21' title="bbox 133 3037 1141 3138; baseline 0.009 -24"><span class='ocrx_word' id='word_1_119' title='bbox 133 3057 200 3116; x_wconf 85' lang='lat' dir='ltr'><strong>tur</strong></span> <span class='ocrx_word' id='word_1_120' title='bbox 226 3041 345 3115; x_wconf 87' lang='lat' dir='ltr'><strong>iniis</strong></span> <span class='ocrx_word' id='word_1_121' title='bbox 373 3037 588 3138; x_wconf 81' lang='lat' dir='ltr'><strong>scripturae</strong></span> <span class='ocrx_word' id='word_1_122' title='bbox 611 3042 748 3117; x_wconf 86' lang='lat' dir='ltr'><strong>minus</strong></span> <span class='ocrx_word' id='word_1_123' title='bbox 779 3041 928 3131; x_wconf 82' lang='lat' dir='ltr'><strong>bonae,</strong></span> <span class='ocrx_word' id='word_1_124' title='bbox 980 3061 1020 3119; x_wconf 88' lang='lat' dir='ltr'><strong>et</strong></span> <span class='ocrx_word' id='word_1_125' title='bbox 1044 3048 1141 3125; x_wconf 77' lang='lat' dir='ltr'><strong>tales</strong></span> 
     </span>
     <span class='ocr_line' id='line_1_22' title="bbox 133 3174 1180 3276; baseline 0.006 -25"><span class='ocrx_word' id='word_1_126' title='bbox 133 3174 381 3276; x_wconf 81' lang='lat' dir='ltr'><strong>praesertim,</strong></span> <span class='ocrx_word' id='word_1_127' title='bbox 414 3200 537 3275; x_wconf 85' lang='lat' dir='ltr'><strong>quae,</strong></span> <span class='ocrx_word' id='word_1_128' title='bbox 571 3190 708 3251; x_wconf 85' lang='lat' dir='ltr'><strong>contro</strong></span> <span class='ocrx_word' id='word_1_129' title='bbox 733 3175 862 3252; x_wconf 88' lang='lat' dir='ltr'><strong>Codd.</strong></span> <span class='ocrx_word' id='word_1_130' title='bbox 891 3177 1139 3271; x_wconf 87' lang='lat' dir='ltr'><strong>consensum,</strong></span> <span class='ocrx_word' id='word_1_131' title='bbox 1174 3196 1180 3203; x_wconf 87' lang='lat'>&#39;</span> 
     </span>
     <span class='ocr_line' id='line_1_23' title="bbox 134 3308 1136 3412; baseline 0.008 -29"><span class='ocrx_word' id='word_1_132' title='bbox 134 3310 235 3385; x_wconf 83' lang='lat' dir='ltr'><strong>stent</strong></span> <span class='ocrx_word' id='word_1_133' title='bbox 278 3337 300 3385; x_wconf 89' lang='lat' dir='ltr'>a</span> <span class='ocrx_word' id='word_1_134' title='bbox 346 3324 456 3412; x_wconf 85' lang='lat' dir='ltr'><strong>parte</strong></span> <span class='ocrx_word' id='word_1_135' title='bbox 500 3308 842 3387; x_wconf 85' lang='lat' dir='ltr'><strong>vetustiffimarum</strong></span> <span class='ocrx_word' id='word_1_136' title='bbox 897 3311 1136 3391; x_wconf 88' lang='lat' dir='ltr'><strong>editionum.</strong></span> 
     </span>
     <span class='ocr_line' id='line_1_24' title="bbox 133 3444 1140 3546; baseline 0.006 -26"><span class='ocrx_word' id='word_1_137' title='bbox 133 3447 379 3533; x_wconf 81' lang='lat' dir='ltr'><strong>Huiusmodi</strong></span> <span class='ocrx_word' id='word_1_138' title='bbox 410 3448 506 3521; x_wconf 83' lang='lat' dir='ltr'><strong>loca·</strong></span> <span class='ocrx_word' id='word_1_139' title='bbox 524 3444 617 3521; x_wconf 90' lang='lat' dir='ltr'><strong>sunt</strong></span> <span class='ocrx_word' id='word_1_140' title='bbox 648 3472 690 3535; x_wconf 92' lang='lat'><strong>1,</strong></span> <span class='ocrx_word' id='word_1_141' title='bbox 723 3466 768 3536; x_wconf 84' lang='grc'><strong>5,</strong></span> <span class='ocrx_word' id='word_1_142' title='bbox 796 3454 862 3544; x_wconf 77' lang='grc'><strong>54.</strong></span> <span class='ocrx_word' id='word_1_143' title='bbox 920 3474 961 3538; x_wconf 89' lang='lat'><strong>1,</strong></span> <span class='ocrx_word' id='word_1_144' title='bbox 993 3471 1037 3539; x_wconf 84' lang='lat'><strong>5,</strong></span> <span class='ocrx_word' id='word_1_145' title='bbox 1069 3459 1140 3546; x_wconf 82' lang='lat'><strong>67.-</strong></span> 
     </span>
     <span class='ocr_line' id='line_1_25' title="bbox 132 3578 1136 3681; baseline 0.009 -28"><span class='ocrx_word' id='word_1_146' title='bbox 132 3578 226 3674; x_wconf 79' lang='lat' dir='ltr'><strong>(etsi</strong></span> <span class='ocrx_word' id='word_1_147' title='bbox 255 3578 355 3657; x_wconf 87' lang='lat' dir='ltr'><strong>Voss.</strong></span> <span class='ocrx_word' id='word_1_148' title='bbox 386 3604 421 3654; x_wconf 78' lang='lat'><strong>2.</strong></span> <span class='ocrx_word' id='word_1_149' title='bbox 462 3583 678 3681; x_wconf 89' lang='lat' dir='ltr'><strong>utrobique</strong></span> <span class='ocrx_word' id='word_1_150' title='bbox 711 3578 867 3680; x_wconf 85' lang='lat' dir='ltr'><strong>siletur)</strong></span> <span class='ocrx_word' id='word_1_151' title='bbox 918 3604 962 3670; x_wconf 79' lang='lat'><strong>2,</strong></span> <span class='ocrx_word' id='word_1_152' title='bbox 994 3608 1067 3674; x_wconf 61' lang='grc' dir='ltr'><strong>ει,</strong></span> <span class='ocrx_word' id='word_1_153' title='bbox 1098 3594 1136 3662; x_wconf 88' lang='lat'><strong>6.</strong></span> 
     </span>
     <span class='ocr_line' id='line_1_26' title="bbox 133 3721 1137 3813; baseline 0.004 -26"><span class='ocrx_word' id='word_1_154' title='bbox 133 3735 171 3802; x_wconf 82' lang='grc'><strong>5,</strong></span> <span class='ocrx_word' id='word_1_155' title='bbox 205 3740 239 3803; x_wconf 85' lang='grc' dir='ltr'><strong>ι,</strong></span> <span class='ocrx_word' id='word_1_156' title='bbox 271 3732 307 3803; x_wconf 85' lang='lat'><strong>5.</strong></span> <span class='ocrx_word' id='word_1_157' title='bbox 354 3734 392 3802; x_wconf 94' lang='grc'><strong>5,</strong></span> <span class='ocrx_word' id='word_1_158' title='bbox 420 3723 458 3803; x_wconf 93' lang='grc'><strong>6,</strong></span> <span class='ocrx_word' id='word_1_159' title='bbox 489 3724 553 3811; x_wconf 76' lang='lat'><strong>24.</strong></span> <span class='ocrx_word' id='word_1_160' title='bbox 602 3735 640 3802; x_wconf 83' lang='grc'><strong>5,</strong></span> <span class='ocrx_word' id='word_1_161' title='bbox 671 3721 710 3803; x_wconf 89' lang='grc'><strong>6,</strong></span> <span class='ocrx_word' id='word_1_162' title='bbox 736 3734 801 3801; x_wconf 79' lang='lat'><strong>52.</strong></span> <span class='ocrx_word' id='word_1_163' title='bbox 849 3736 889 3806; x_wconf 88' lang='grc'><strong>5,</strong></span> <span class='ocrx_word' id='word_1_164' title='bbox 921 3736 1055 3805; x_wconf 79' lang='lat'><strong>8,.12.</strong></span> <span class='ocrx_word' id='word_1_165' title='bbox 1097 3743 1137 3813; x_wconf 86' lang='grc'><strong>5,</strong></span> 
     </span>
     <span class='ocr_line' id='line_1_27' title="bbox 134 3844 1137 3954; baseline 0.008 -34"><span class='ocrx_word' id='word_1_166' title='bbox 134 3868 172 3939; x_wconf 73' lang='lat'><strong>3,</strong></span> <span class='ocrx_word' id='word_1_167' title='bbox 202 3869 252 3937; x_wconf 83' lang='lat'><strong>51</strong></span> <span class='ocrx_word' id='word_1_168' title='bbox 295 3844 389 3945; x_wconf 89' lang='lat' dir='ltr'><strong>(sed</strong></span> <span class='ocrx_word' id='word_1_169' title='bbox 414 3846 522 3926; x_wconf 81' lang='lat' dir='ltr'><strong>solus</strong></span> <span class='ocrx_word' id='word_1_170' title='bbox 542 3850 751 3925; x_wconf 83' lang='lat' dir='ltr'><strong>Gothanus</strong></span> <span class='ocrx_word' id='word_1_171' title='bbox 775 3859 1055 3954; x_wconf 88' lang='lat' dir='ltr'><strong>memoratur).</strong></span> <span class='ocrx_word' id='word_1_172' title='bbox 1096 3877 1137 3947; x_wconf 86' lang='grc'><strong>5,</strong></span> 
     </span>
    </p>
   </div>
   <div class='ocr_carea' id='block_1_3' title="bbox 133 3984 1135 4091">
    <p class='ocr_par' dir='ltr' id='par_1_3' title="bbox 133 3984 1135 4091">
     <span class='ocr_line' id='line_1_28' title="bbox 133 3984 1135 4091; baseline 0.005 -28"><span class='ocrx_word' id='word_1_173' title='bbox 133 4005 178 4075; x_wconf 80' lang='lat'><strong>8,</strong></span> <span class='ocrx_word' id='word_1_174' title='bbox 207 4004 274 4076; x_wconf 85' lang='lat'><strong>59.</strong></span> <span class='ocrx_word' id='word_1_175' title='bbox 320 4003 369 4075; x_wconf 78' lang='lat'><strong>5,</strong></span> <span class='ocrx_word' id='word_1_176' title='bbox 397 4004 444 4074; x_wconf 77' lang='lat'><strong>8,</strong></span> <span class='ocrx_word' id='word_1_177' title='bbox 472 3991 538 4061; x_wconf 83' lang='lat'><strong>60.</strong></span> <span class='ocrx_word' id='word_1_178' title='bbox 608 3990 877 4091; x_wconf 79' lang='lat' dir='ltr'><strong>Quapropter,</strong></span> <span class='ocrx_word' id='word_1_179' title='bbox 919 3984 1045 4066; x_wconf 78' lang='lat' dir='ltr'><strong>sicubi</strong></span> <span class='ocrx_word' id='word_1_180' title='bbox 1069 3991 1135 4069; x_wconf 84' lang='lat' dir='ltr'><strong>his</strong></span> 
     </span>
    </p>
   </div>
   <div class='ocr_carea' id='block_1_4' title="bbox 0 0 1302 4710">
    <p class='ocr_par' dir='ltr' id='par_1_4' title="bbox 0 0 1302 4710">
     <span class='ocr_line' id='line_1_29' title="bbox 0 0 1302 4710; baseline 0 7"><span class='ocrx_word' id='word_1_181' title='bbox 0 0 1302 4710; x_wconf 95' lang='lat' dir='ltr'><strong> </strong></span> 
     </span>
    </p>
   </div>
  </div>
 </body>
</html>
