2596 4710
225 328 296 377 m
459 308 515 376 iu.-
541 308 642 379 sta.
668 302 981 398 eumanum

109 512 112 517 ’
143 516 147 527 ’
223 494 385 572 leffium
405 493 472 567 vel
494 493 724 570 mortalium
752 509 893 593 putant
921 492 1227 582 instruendum

223 606 292 686 sed
311 635 383 711 per
404 607 598 709 quaedam
625 631 744 708 parva
769 606 877 696 sane,
907 606 935 682 fi
959 608 1039 708 ipsa
1061 609 1227 685 demum

225 724 420 812 aestimes,
463 724 636 811 ducunt,
684 720 776 799 sicut
819 722 1025 822 exquisitas
1062 727 1227 801 interim

226 842 518 941 ambiguitates:
548 864 632 914 non
653 842 747 936 quia
771 840 975 913 Ceratinae
997 855 1065 913 aut
1085 842 1226 915 Croco-

224 956 367 1031 dilt'nne
405 953 545 1055 pollint
582 953 708 1028 facere
747 952 981 1054 sapientem,
1025 951 1094 1028 sed
1129 958 1227 1053 quia

223 1072 422 1147 illumne
452 1074 496 1142 in
523 1071 700 1170 minimis
724 1070 889 1167 quidem
919 1085 1097 1169 oporteat
1125 1069 1225 1145 sitlli.

197 1188 414 1262 §Similiter
442 1200 637 1260 oratorem
668 1185 763 1282 (qui
793 1183 911 1258 debet
942 1182 1014 1258 ess'e
1043 1182 1225 1285 sapiens)

120 1316 127 1327 '
222 1328 306 1378 non
325 1304 551 1376 Geometres
568 1297 701 1385 faciet,
732 1297 1010 1387 amittimus,
1041 1325 1226 1400 quaeque

221 1416 285 1491 his
303 1417 377 1488 alin
398 1412 650 1513 iitbjungan13
677 1412 744 1487 sed
764 1415 838 1487 hae
854 1440 1015 1514 quoque
1029 1432 1148 1504 artes,
1176 1431 1226 1490 ut

177 1524 180 1529 ⁵
221 1530 268 1605 stt
284 1529 594 1617 consummatus,
621 1531 827 1620 juvabunt.
886 1528 975 1603 Nifi
999 1529 1103 1605 sorte
1121 1532 1225 1607 anti-

219 1646 361 1722 dotum
381 1643 564 1743 quidem‚
594 1659 711 1743 atque
730 1646 824 1732 alia,
854 1671 954 1744 quae
978 1647 1129 1722 morbis
1149 1660 1289 1727 autwt

219 1761 456 1836 vulneribus
482 1759 714 1846 medentur,
748 1785 795 1832 ex
821 1761 978 1848 multis,
1015 1776 1133 1860 atque
1158 1763 1225 1835 in-

196 1864 336 1951 'terim
368 1876 573 1951 contrariis
609 1900 772 1973 quoque
803 1877 907 1949 iuter
935 1873 974 1949 se
1001 1870 1223 1966 effectibus,

279 2018 466 2097 instruendum.
489 2020 533 2073 Sic
548 2018 640 2074 Guels.
651 2021 745 2074 Turis.
761 2023 856 2074 loann.
870 2018 929 2074 Bal.
946 2020 1020 2077 Vols.
1033 2040 1059 2074 1.
1068 2034 1098 2087 5.
1112 2036 1142 2075 et
1155 2020 1219 2077 edd.

216 2103 290 2161 Sitit.
307 2121 335 2159 et
350 2104 427 2161 01η.Δ
445 2106 477 2157 it.
494 2103 672 2181 marg.B.1s1l.
718 2104 810 2159 Ceteri
823 2104 1010 2177 instituendtnn
1026 2119 1099 2159 utet
1116 2107 1198 2161 Gesn.

275 2189 434 2243 antidotum.
479 2188 570 2243 Guels.
595 2189 747 2242 timidulus.
770 2207 834 2242 enm
859 2186 931 2242 Alm.
975 2191 1050 2261 Quos
1073 2188 1104 2241 lti
1126 2193 1220 2263 seque·

216 2271 332 2333 bantur,
361 2289 457 2349 graece
485 2264 620 2325 videntur
646 2272 746 2327 dedisse
774 2264 925 2327 dizilinus
952 2287 980 2326 et
1002 2272 1038 2326 est
1060 2274 1121 2341 flue
1142 2274 1219 2349 opud

216 2358 336 2413 Graecos
365 2356 422 2409 seru
452 2354 623 2409 femininum
650 2348 688 2429 (ὅ
706 2348 862 2432 tiara'tlcrot)
884 2355 959 2428 qnod
985 2356 1083 2411 itidem
1106 2358 1219 2414 Latinis

215 2440 299 2505 etiam
315 2439 488 2513 frequentius
502 2455 611 2493 neutro.
635 2444 670 2493 Et
684 2444 770 2514 potest
778 2442 825 2495 vel
840 2443 885 2494 hic
900 2439 1021 2519 intelligi
1035 2442 1217 2497 fentininam.

277 2545 345 2601 qaae
376 2524 480 2577 tumbis.
524 2523 615 2578 (jucis.
644 2540 670 2577 et
691 2527 785 2580 Tttric.
810 2549 834 2601 q.
863 2528 955 2581 ocutis.
994 2544 1057 2579 cum
1084 2526 1218 2581 omnibus

212 2588 271 2683 sere
293 2608 380 2663 Codd.
406 2609 455 2660 nili
478 2608 553 2680 quod
576 2623 700 2661 tacentur·
724 2609 797 2663 Alrn.
820 2610 894 2669 Vols.
923 2629 947 2661 ι.
972 2623 998 2661 2.
1025 2623 1051 2676 3.
1080 2625 1107 2663 et
1131 2612 1217 2670 Bern.

212 2693 294 2749 Unde
310 2696 342 2747 lit
358 2705 481 2764 recepta,
505 2690 634 2763 equidem
650 2713 705 2745 nnn
724 2693 822 2746 dicam.
866 2692 954 2746 Aldus
970 2693 1083 2764 quidem
1099 2695 1218 2749 videtur

211 2778 321 2852 primns
342 2776 452 2829 dedisse.
495 2776 582 2830 letl.
610 2780 768 2831 attctoribtu
791 2778 884 2838 sactis,
912 2796 993 2829 nemo
1018 2797 1075 2832 nnn
1101 2779 1218 2853 arripiat

211 2864 324 2920 morbis,
346 2880 407 2913 cunt
432 2861 580 2919 „vulnera“
602 2862 729 2933 protinus
752 2862 790 2914 ita
805 2856 948 2933 subjuncta
962 2864 1082 2920 „rtcult's“
1099 2882 1215 2941 magno·

210 2965 276 3021 pere
291 2944 429 2997 ollemiant
445 2944 591 3020 legentem.
635 2948 718 3000 Nunc
733 2946 876 3019 quomodo
891 2961 946 2998 tam
961 2945 1112 3000 constanter
1121 2948 1214 3005 Codd.

210 3031 355 3104 potuerint
381 3030 453 3081 tutti
476 3048 615 3088 ct't'ttrtttt,
638 3035 656 3081 li
678 3032 710 3082 cti
731 3049 822 3090 error,
845 3033 895 3083 vix
912 3027 1010 3099 aliquis
1027 3031 1216 3089 comminisca-

214 3130 269 3168 tut.
315 3111 402 3166 Malui
421 3129 510 3165 tamen
528 3115 645 3166 rotinere
659 3116 815 3187 expeditam
831 3114 893 3167 edd.
910 3112 1079 3187 setipttnnm.
1123 3118 1216 3189 Quen·

213 3217 294 3272 qtntn
320 3199 454 3250 oculorum
476 3197 592 3269 collyria
613 3199 689 3251 vatic
711 3203 859 3273 composita
874 3198 964 3253 muln
985 3198 1031 3253 vel
1048 3198 1142 3256 celtu·
1157 3220 1215 3257 mt-

212 3298 304 3336 motat
327 3282 390 3334 lrib.
407 3291 435 3351 4.
456 3301 478 3334 c.
494 3280 521 3334 6.

173 3386 176 3391 ’
257 3387 398 3440 Ceratinae
425 3415 467 3427 -
499 3385 691 3440 Crocodilt'nae.
734 3385 833 3458 primis
851 3389 1012 3465 blenugitttu
1028 3388 1062 3442 ad
1076 3386 1129 3445 Le.
1144 3392 1217 3447 Dio·

213 3470 352 3547 Ktpoert'rnt
367 3473 440 3523 inter
455 3469 584 3541 captiosas
600 3472 692 3546 Mega·
733 3468 821 3547 genis.
1238 3474 1248 3487 ''

211 3557 334 3608 ricorttm
361 3550 576 3625 quaestiunculas
601 3571 692 3606 recen-
770 3552 922 3627 sapientem
948 3587 989 3598 —
1013 3556 1092 3629 falli.
1136 3561 1218 3613 Sext.

211 3640 250 3692 set
263 3640 404 3716 Diogenes
419 3639 546 3691 inertius
564 3653 597 3695 2,
620 3648 688 3706 208.
731 3640 812 3711 Etnp.
829 3658 856 3711 p.
875 3639 954 3692 l'nbr.
973 3656 1041 3710 5ης.
1060 3626 1098 3714 (i
1113 3639 1217 3713 σοφὰ)

213 3723 398 3777 Crocorlilinae
412 3739 513 3774 nomen
529 3710 617 3795 ipsunt
628 3723 690 3794 qni·
730 3719 874 3793 inertium
894 3715 965 3793 εἶχεν
980 3719 1088 3787 aibairis
1104 3725 1154 3781 καὶ
1171 3720 1213 3783 oti·

211 3796 274 3859 dem
298 3824 353 3859 nott
377 3806 507 3865 invenio,
537 3810 586 3857 nili
615 3806 689 3878 qnod
733 3800 943 3871 etrrdttidtroet
988 3812 1147 3864 Stoicorum
1165 3832 1213 3867 au·

213 3891 390 3944 Crocoaliliten
419 3887 536 3963 appellnt
568 3892 689 3945 Graecus
732 3905 787 3945 tem
803 3892 944 3964 inprimis
960 3894 1185 3970 illocl'tsapient.

210 3972 367 4047 Aplrtltonii
388 3990 543 4033 ettanatnr,
572 3992 614 4028 res
636 3974 689 4028 sre-
773 3976 932 4030 antidotum.
955 3981 1066 4033 Notum
1075 3980 1210 4054 estqnorn

209 4072 336 4130 quentata
351 4054 423 4130 al'md
439 4058 590 4130 scriptores,
604 4078 686 4131 quam
730 4059 824 4111 multis
839 4062 981 4135 variisque
995 4062 1091 4119 herbis
1099 4064 1147 4118 vel
1161 4064 1212 4120 lto·

207 4140 253 4195 'tel
271 4142 372 4198 Lexiea
389 4156 524 4196 enarrabit.
567 4142 638 4201 Vide
655 4144 686 4196 iu
728 4143 774 4198 die
789 4146 920 4219 componi
938 4147 1045 4202 dicatur
1060 4146 1189 4205 uittam.
