<?xml version="1.0" encoding="UTF-8"?>
<!DOCTYPE html PUBLIC "-//W3C//DTD XHTML 1.0 Transitional//EN"
    "http://www.w3.org/TR/xhtml1/DTD/xhtml1-transitional.dtd">
<html xmlns="http://www.w3.org/1999/xhtml" xml:lang="en" lang="en">
 <head>
  <title>
</title>
<meta http-equiv="Content-Type" content="text/html;charset=utf-8" />
  <meta name='ocr-system' content='tesseract 3.04.00' />
  <meta name='ocr-capabilities' content='ocr_page ocr_carea ocr_par ocr_line ocrx_word'/>
</head>
<body>
  <div class='ocr_page' id='page_1' title='image "./deinstitutioneo07quingoog_0493.png"; bbox 0 0 2596 4710; ppageno 0'>
   <div class='ocr_carea' id='block_1_1' title="bbox 161 356 982 473">
    <p class='ocr_par' dir='ltr' id='par_1_1' title="bbox 161 356 982 473">
     <span class='ocr_line' id='line_1_1' title="bbox 161 356 982 473; baseline -0.01 -39"><span class='ocrx_word' id='word_1_1' title='bbox 161 367 237 459; x_wconf 65' lang='lat' dir='ltr'>„a</span> <span class='ocrx_word' id='word_1_2' title='bbox 396 361 454 434; x_wconf 84' lang='lat' dir='ltr'>m.</span> <span class='ocrx_word' id='word_1_3' title='bbox 480 360 581 433; x_wconf 75' lang='lat' dir='ltr'>aaa.</span> <span class='ocrx_word' id='word_1_4' title='bbox 609 356 924 452; x_wconf 68' lang='lat' dir='ltr'>cumanum</span> <span class='ocrx_word' id='word_1_5' title='bbox 978 466 982 473; x_wconf 18' lang='grc' dir='ltr'>ι</span> 
     </span>
    </p>
   </div>
   <div class='ocr_carea' id='block_1_2' title="bbox 132 544 1224 2267">
    <p class='ocr_par' dir='ltr' id='par_1_2' title="bbox 158 544 1224 1226">
     <span class='ocr_line' id='line_1_2' title="bbox 245 544 1170 649; baseline -0.005 -20"><span class='ocrx_word' id='word_1_6' title='bbox 245 554 345 629; x_wconf 79' lang='lat' dir='ltr'>xlx.</span> <span class='ocrx_word' id='word_1_7' title='bbox 372 553 462 627; x_wconf 90' lang='lat' dir='ltr'>Scio</span> <span class='ocrx_word' id='word_1_8' title='bbox 481 548 618 649; x_wconf 85' lang='lat' dir='ltr'>quaeri</span> <span class='ocrx_word' id='word_1_9' title='bbox 635 548 773 636; x_wconf 88' lang='lat' dir='ltr'>etiam,</span> <span class='ocrx_word' id='word_1_10' title='bbox 800 561 991 623; x_wconf 80' lang='lat' dir='ltr'><strong><em>naturane</em></strong></span> <span class='ocrx_word' id='word_1_11' title='bbox 1008 547 1103 649; x_wconf 83' lang='lat' dir='ltr'>plus</span> <span class='ocrx_word' id='word_1_12' title='bbox 1118 544 1170 625; x_wconf 91' lang='lat' dir='ltr'>ad</span> 
     </span>
     <span class='ocr_line' id='line_1_3' title="bbox 159 662 1168 769; baseline -0.006 -24"><span class='ocrx_word' id='word_1_13' title='bbox 159 668 431 769; x_wconf 79' lang='lat' dir='ltr'>eloquentiam</span> <span class='ocrx_word' id='word_1_14' title='bbox 453 662 646 752; x_wconf 86' lang='lat' dir='ltr'>conferat,</span> <span class='ocrx_word' id='word_1_15' title='bbox 667 691 717 738; x_wconf 84' lang='lat' dir='ltr'>au</span> <span class='ocrx_word' id='word_1_16' title='bbox 735 665 917 738; x_wconf 72' lang='lat' dir='ltr'>doctrina.</span> <span class='ocrx_word' id='word_1_17' title='bbox 977 664 1101 768; x_wconf 85' lang='lat' dir='ltr'>Quod</span> <span class='ocrx_word' id='word_1_18' title='bbox 1117 662 1168 739; x_wconf 87' lang='lat' dir='ltr'>ad</span> 
     </span>
     <span class='ocr_line' id='line_1_4' title="bbox 158 777 1224 889; baseline -0.007 -28"><span class='ocrx_word' id='word_1_19' title='bbox 158 783 409 889; x_wconf 78' lang='lat' dir='ltr'>propositum</span> <span class='ocrx_word' id='word_1_20' title='bbox 430 779 597 881; x_wconf 89' lang='lat' dir='ltr'>quidem</span> <span class='ocrx_word' id='word_1_21' title='bbox 612 777 736 855; x_wconf 82' lang='lat' dir='ltr'>nostri</span> <span class='ocrx_word' id='word_1_22' title='bbox 759 781 889 880; x_wconf 91' lang='lat' dir='ltr'>operis</span> <span class='ocrx_word' id='word_1_23' title='bbox 914 781 1020 855; x_wconf 88' lang='lat' dir='ltr'>nihil</span> <span class='ocrx_word' id='word_1_24' title='bbox 1043 782 1224 880; x_wconf 81' lang='lat' dir='ltr'>perti-²0¹</span> 
     </span>
     <span class='ocr_line' id='line_1_5' title="bbox 158 892 1168 996; baseline -0.006 -19"><span class='ocrx_word' id='word_1_25' title='bbox 158 916 249 977; x_wconf 88' lang='lat' dir='ltr'>net:</span> <span class='ocrx_word' id='word_1_26' title='bbox 280 922 412 996; x_wconf 82' lang='lat' dir='ltr'>neque</span> <span class='ocrx_word' id='word_1_27' title='bbox 431 898 540 971; x_wconf 85' lang='lat' dir='ltr'>enim</span> <span class='ocrx_word' id='word_1_28' title='bbox 555 893 846 972; x_wconf 83' lang='lat' dir='ltr'>consummatus</span> <span class='ocrx_word' id='word_1_29' title='bbox 863 911 1006 985; x_wconf 89' lang='lat' dir='ltr'>orator,</span> <span class='ocrx_word' id='word_1_30' title='bbox 1028 892 1103 971; x_wconf 84' lang='lat' dir='ltr'>nili</span> <span class='ocrx_word' id='word_1_31' title='bbox 1119 921 1168 971; x_wconf 81' lang='lat' dir='ltr'>ex</span> 
     </span>
     <span class='ocr_line' id='line_1_6' title="bbox 159 1008 1166 1112; baseline -0.006 -20"><span class='ocrx_word' id='word_1_32' title='bbox 159 1031 330 1112; x_wconf 88' lang='lat' dir='ltr'>utraque</span> <span class='ocrx_word' id='word_1_33' title='bbox 348 1009 435 1087; x_wconf 88' lang='lat' dir='ltr'>fieri</span> <span class='ocrx_word' id='word_1_34' title='bbox 451 1008 597 1111; x_wconf 86' lang='lat' dir='ltr'>potest:</span> <span class='ocrx_word' id='word_1_35' title='bbox 626 1011 849 1109; x_wconf 90' lang='lat' dir='ltr'>plurimum</span> <span class='ocrx_word' id='word_1_36' title='bbox 868 1028 998 1085; x_wconf 89' lang='lat' dir='ltr'>tamen</span> <span class='ocrx_word' id='word_1_37' title='bbox 1015 1010 1166 1086; x_wconf 80' lang='lat' dir='ltr'>referre</span> 
     </span>
     <span class='ocr_line' id='line_1_7' title="bbox 162 1121 1168 1226; baseline -0.007 -19"><span class='ocrx_word' id='word_1_38' title='bbox 162 1130 350 1216; x_wconf 84' lang='lat' dir='ltr'>arbitror,</span> <span class='ocrx_word' id='word_1_39' title='bbox 377 1153 497 1226; x_wconf 88' lang='lat' dir='ltr'>quam</span> <span class='ocrx_word' id='word_1_40' title='bbox 522 1121 594 1199; x_wconf 84' lang='lat' dir='ltr'>elle</span> <span class='ocrx_word' id='word_1_41' title='bbox 617 1128 662 1200; x_wconf 88' lang='lat' dir='ltr'>in</span> <span class='ocrx_word' id='word_1_42' title='bbox 686 1127 763 1202; x_wconf 90' lang='lat' dir='ltr'>hoc</span> <span class='ocrx_word' id='word_1_43' title='bbox 784 1129 875 1203; x_wconf 89' lang='lat' dir='ltr'>loco</span> <span class='ocrx_word' id='word_1_44' title='bbox 894 1125 1168 1226; x_wconf 85' lang='lat' dir='ltr'>quaestionem</span> 
     </span>
    </p>

    <p class='ocr_par' dir='ltr' id='par_1_3' title="bbox 132 1239 1205 2267">
     <span class='ocr_line' id='line_1_8' title="bbox 132 1239 1168 1341; baseline -0.005 -21"><span class='ocrx_word' id='word_1_45' title='bbox 132 1247 343 1322; x_wconf 68' lang='lat' dir='ltr'>evelinms.</span> <span class='ocrx_word' id='word_1_46' title='bbox 401 1245 508 1318; x_wconf 87' lang='lat' dir='ltr'>Nam</span> <span class='ocrx_word' id='word_1_47' title='bbox 525 1239 554 1315; x_wconf 85' lang='lat' dir='ltr'>fi</span> <span class='ocrx_word' id='word_1_48' title='bbox 572 1244 673 1341; x_wconf 84' lang='lat' dir='ltr'>parti</span> <span class='ocrx_word' id='word_1_49' title='bbox 691 1242 870 1319; x_wconf 77' lang='lat' dir='ltr'>utrilibet</span> <span class='ocrx_word' id='word_1_50' title='bbox 888 1244 1056 1319; x_wconf 87' lang='lat' dir='ltr'>omnino</span> <span class='ocrx_word' id='word_1_51' title='bbox 1074 1244 1168 1316; x_wconf 89' lang='lat' dir='ltr'>alte·</span> 
     </span>
     <span class='ocr_line' id='line_1_9' title="bbox 157 1354 1166 1451; baseline -0.006 -14"><span class='ocrx_word' id='word_1_52' title='bbox 157 1384 245 1437; x_wconf 86' lang='lat' dir='ltr'>ram</span> <span class='ocrx_word' id='word_1_53' title='bbox 263 1358 461 1447; x_wconf 84' lang='lat' dir='ltr'>detrahas,</span> <span class='ocrx_word' id='word_1_54' title='bbox 483 1372 623 1432; x_wconf 87' lang='lat' dir='ltr'>natura</span> <span class='ocrx_word' id='word_1_55' title='bbox 638 1360 756 1435; x_wconf 87' lang='lat' dir='ltr'>etiam</span> <span class='ocrx_word' id='word_1_56' title='bbox 769 1354 847 1433; x_wconf 87' lang='lat' dir='ltr'>fine</span> <span class='ocrx_word' id='word_1_57' title='bbox 864 1358 1045 1434; x_wconf 85' lang='lat' dir='ltr'>doctrina</span> <span class='ocrx_word' id='word_1_58' title='bbox 1058 1358 1166 1451; x_wconf 81' lang='lat' dir='ltr'>mul·</span> 
     </span>
     <span class='ocr_line' id='line_1_10' title="bbox 147 1470 1166 1562; baseline -0.004 -11"><span class='ocrx_word' id='word_1_59' title='bbox 147 1491 246 1561; x_wconf 82' lang='lat' dir='ltr'>‚tum</span> <span class='ocrx_word' id='word_1_60' title='bbox 269 1475 437 1562; x_wconf 86' lang='lat' dir='ltr'>valebit,</span> <span class='ocrx_word' id='word_1_61' title='bbox 466 1471 647 1549; x_wconf 85' lang='lat' dir='ltr'>doctrina</span> <span class='ocrx_word' id='word_1_62' title='bbox 675 1474 787 1549; x_wconf 88' lang='lat' dir='ltr'>nulla</span> <span class='ocrx_word' id='word_1_63' title='bbox 811 1470 884 1548; x_wconf 85' lang='lat' dir='ltr'>esse</span> <span class='ocrx_word' id='word_1_64' title='bbox 913 1470 992 1548; x_wconf 87' lang='lat' dir='ltr'>line</span> <span class='ocrx_word' id='word_1_65' title='bbox 1023 1490 1166 1548; x_wconf 78' lang='lat' dir='ltr'>namra</span> 
     </span>
     <span class='ocr_line' id='line_1_11' title="bbox 157 1588 1165 1690; baseline -0.004 -23"><span class='ocrx_word' id='word_1_66' title='bbox 157 1591 315 1690; x_wconf 79' lang='lat' dir='ltr'>poterit</span> <span class='ocrx_word' id='word_1_67' title='bbox 375 1590 445 1667; x_wconf 88' lang='lat' dir='ltr'>Sin</span> <span class='ocrx_word' id='word_1_68' title='bbox 466 1614 513 1662; x_wconf 86' lang='lat' dir='ltr'>ex</span> <span class='ocrx_word' id='word_1_69' title='bbox 532 1590 618 1687; x_wconf 86' lang='lat' dir='ltr'>pari</span> <span class='ocrx_word' id='word_1_70' title='bbox 640 1596 797 1677; x_wconf 74' lang='lat' dir='ltr'>cubant,</span> <span class='ocrx_word' id='word_1_71' title='bbox 823 1591 868 1662; x_wconf 90' lang='lat' dir='ltr'>in</span> <span class='ocrx_word' id='word_1_72' title='bbox 891 1588 1165 1664; x_wconf 81' lang='lat' dir='ltr'>mediocribus</span> 
     </span>
     <span class='ocr_line' id='line_1_12' title="bbox 158 1702 1165 1804; baseline -0.002 -25"><span class='ocrx_word' id='word_1_73' title='bbox 158 1702 324 1804; x_wconf 89' lang='lat' dir='ltr'>quidem</span> <span class='ocrx_word' id='word_1_74' title='bbox 338 1704 525 1802; x_wconf 85' lang='lat' dir='ltr'>utrisque</span> <span class='ocrx_word' id='word_1_75' title='bbox 542 1707 669 1796; x_wconf 85' lang='lat' dir='ltr'>majus</span> <span class='ocrx_word' id='word_1_76' title='bbox 683 1703 811 1779; x_wconf 87' lang='lat' dir='ltr'>adhuc</span> <span class='ocrx_word' id='word_1_77' title='bbox 827 1721 988 1780; x_wconf 87' lang='lat' dir='ltr'>naturae</span> <span class='ocrx_word' id='word_1_78' title='bbox 1004 1704 1165 1778; x_wconf 87' lang='lat' dir='ltr'>credam</span> 
     </span>
     <span class='ocr_line' id='line_1_13' title="bbox 158 1815 1164 1919; baseline 0.001 -27"><span class='ocrx_word' id='word_1_79' title='bbox 158 1816 233 1896; x_wconf 81' lang='lat' dir='ltr'>elle</span> <span class='ocrx_word' id='word_1_80' title='bbox 270 1834 540 1906; x_wconf 86' lang='lat' dir='ltr'>momentum,</span> <span class='ocrx_word' id='word_1_81' title='bbox 578 1815 868 1896; x_wconf 81' lang='lat' dir='ltr'>consummatos</span> <span class='ocrx_word' id='word_1_82' title='bbox 902 1837 1035 1895; x_wconf 90' lang='lat' dir='ltr'>autem</span> <span class='ocrx_word' id='word_1_83' title='bbox 1070 1820 1164 1919; x_wconf 82' lang='lat' dir='ltr'>plus</span> 
     </span>
     <span class='ocr_line' id='line_1_14' title="bbox 157 1931 1164 2036; baseline -0.006 -23"><span class='ocrx_word' id='word_1_84' title='bbox 157 1934 361 2020; x_wconf 82' lang='lat' dir='ltr'>doctrinae</span> <span class='ocrx_word' id='word_1_85' title='bbox 378 1934 535 2023; x_wconf 87' lang='lat' dir='ltr'>debere,</span> <span class='ocrx_word' id='word_1_86' title='bbox 554 1958 676 2033; x_wconf 87' lang='lat' dir='ltr'>quam</span> <span class='ocrx_word' id='word_1_87' title='bbox 691 1950 864 2023; x_wconf 86' lang='lat' dir='ltr'>naturae,</span> <span class='ocrx_word' id='word_1_88' title='bbox 884 1937 1047 2036; x_wconf 86' lang='lat' dir='ltr'>putabo,</span> <span class='ocrx_word' id='word_1_89' title='bbox 1065 1931 1164 2009; x_wconf 85' lang='lat' dir='ltr'>ficut</span> 
     </span>
     <span class='ocr_line' id='line_1_15' title="bbox 156 2047 1205 2150; baseline -0.002 -25"><span class='ocrx_word' id='word_1_90' title='bbox 156 2066 295 2138; x_wconf 86' lang='lat' dir='ltr'>terrae,</span> <span class='ocrx_word' id='word_1_91' title='bbox 310 2050 465 2148; x_wconf 81' lang='lat' dir='ltr'>nullam</span> <span class='ocrx_word' id='word_1_92' title='bbox 481 2047 724 2125; x_wconf 80' lang='lat' dir='ltr'>fertilitatem</span> <span class='ocrx_word' id='word_1_93' title='bbox 740 2051 920 2139; x_wconf 85' lang='lat' dir='ltr'>habenti,</span> <span class='ocrx_word' id='word_1_94' title='bbox 935 2050 1041 2126; x_wconf 89' lang='lat' dir='ltr'>nihil</span> <span class='ocrx_word' id='word_1_95' title='bbox 1056 2050 1163 2150; x_wconf 88' lang='lat' dir='ltr'>opti·</span> <span class='ocrx_word' id='word_1_96' title='bbox 1202 2094 1205 2099; x_wconf 95' lang='lat'>-</span> 
     </span>
     <span class='ocr_line' id='line_1_16' title="bbox 156 2163 1163 2267; baseline -0.003 -24"><span class='ocrx_word' id='word_1_97' title='bbox 156 2192 247 2243; x_wconf 82' lang='lat' dir='ltr'>mus</span> <span class='ocrx_word' id='word_1_98' title='bbox 259 2167 430 2267; x_wconf 86' lang='lat' dir='ltr'>agricola</span> <span class='ocrx_word' id='word_1_99' title='bbox 443 2163 660 2267; x_wconf 58' lang='lat' dir='ltr'>profuerim</span> <span class='ocrx_word' id='word_1_100' title='bbox 686 2182 825 2242; x_wconf 82' lang='lat' dir='ltr'>eterra</span> <span class='ocrx_word' id='word_1_101' title='bbox 837 2166 953 2243; x_wconf 89' lang='lat' dir='ltr'>uberi</span> <span class='ocrx_word' id='word_1_102' title='bbox 969 2166 1073 2243; x_wconf 89' lang='lat' dir='ltr'>utile</span> <span class='ocrx_word' id='word_1_103' title='bbox 1090 2164 1163 2241; x_wconf 83' lang='lat' dir='ltr'>ali·</span> 
     </span>
    </p>
   </div>
   <div class='ocr_carea' id='block_1_3' title="bbox 151 2378 1161 3151">
    <p class='ocr_par' dir='ltr' id='par_1_4' title="bbox 151 2378 1161 3151">
     <span class='ocr_line' id='line_1_17' title="bbox 167 2378 1161 2477; baseline 0.002 -20"><span class='ocrx_word' id='word_1_104' title='bbox 167 2378 178 2417; x_wconf 68' lang='lat'>⁸</span> <span class='ocrx_word' id='word_1_105' title='bbox 218 2422 303 2477; x_wconf 62' lang='lat' dir='ltr'>nequ</span> <span class='ocrx_word' id='word_1_106' title='bbox 317 2421 359 2455; x_wconf 69' lang='lat' dir='ltr'>n.</span> <span class='ocrx_word' id='word_1_107' title='bbox 401 2399 553 2458; x_wconf 70' lang='lat' dir='ltr'>samen.</span> <span class='ocrx_word' id='word_1_108' title='bbox 570 2415 597 2455; x_wconf 69' lang='lat' dir='ltr'>a</span> <span class='ocrx_word' id='word_1_109' title='bbox 612 2401 696 2457; x_wconf 86' lang='lat' dir='ltr'>Goth.</span> <span class='ocrx_word' id='word_1_110' title='bbox 712 2404 784 2472; x_wconf 66' lang='lat' dir='ltr'>(uc</span> <span class='ocrx_word' id='word_1_111' title='bbox 802 2403 906 2473; x_wconf 64' lang='lat' dir='ltr'>cen).</span> <span class='ocrx_word' id='word_1_112' title='bbox 949 2401 1105 2461; x_wconf 68' lang='lat' dir='ltr'>caeam</span> <span class='ocrx_word' id='word_1_113' title='bbox 1118 2406 1161 2459; x_wconf 70' lang='lat' dir='ltr'>a.</span> 
     </span>
     <span class='ocr_line' id='line_1_18' title="bbox 156 2485 1160 2564; baseline 0.004 -23"><span class='ocrx_word' id='word_1_114' title='bbox 156 2485 191 2541; x_wconf 76' lang='lat' dir='ltr'>cf.</span> <span class='ocrx_word' id='word_1_115' title='bbox 208 2499 242 2546; x_wconf 63' lang='grc' dir='ltr'>α,</span> <span class='ocrx_word' id='word_1_116' title='bbox 267 2500 314 2553; x_wconf 82' lang='lat'>17,</span> <span class='ocrx_word' id='word_1_117' title='bbox 337 2500 386 2560; x_wconf 79' lang='lat'>29.</span> <span class='ocrx_word' id='word_1_118' title='bbox 552 2490 631 2560; x_wconf 74' lang='lat' dir='ltr'>quam</span> <span class='ocrx_word' id='word_1_119' title='bbox 649 2517 690 2531; x_wconf 90' lang='lat'>-</span> <span class='ocrx_word' id='word_1_120' title='bbox 712 2486 899 2564; x_wconf 74' lang='lat' dir='ltr'>quaestionem.</span> <span class='ocrx_word' id='word_1_121' title='bbox 942 2487 1024 2543; x_wconf 80' lang='lat' dir='ltr'>Aliae</span> <span class='ocrx_word' id='word_1_122' title='bbox 1038 2487 1111 2543; x_wconf 84' lang='lat' dir='ltr'>ordo</span> <span class='ocrx_word' id='word_1_123' title='bbox 1129 2487 1160 2545; x_wconf 79' lang='lat' dir='ltr'>in</span> 
     </span>
     <span class='ocr_line' id='line_1_19' title="bbox 156 2568 1160 2648; baseline 0.004 -25"><span class='ocrx_word' id='word_1_124' title='bbox 156 2569 243 2627; x_wconf 85' lang='lat' dir='ltr'>Goth.</span> <span class='ocrx_word' id='word_1_125' title='bbox 266 2585 295 2624; x_wconf 81' lang='lat' dir='ltr'>et</span> <span class='ocrx_word' id='word_1_126' title='bbox 314 2572 386 2630; x_wconf 83' lang='lat' dir='ltr'>Jens.</span> <span class='ocrx_word' id='word_1_127' title='bbox 408 2568 481 2640; x_wconf 75' lang='lat' dir='ltr'>(tac.</span> <span class='ocrx_word' id='word_1_128' title='bbox 496 2570 592 2645; x_wconf 79' lang='lat' dir='ltr'>Gelu.)</span> <span class='ocrx_word' id='word_1_129' title='bbox 613 2593 638 2646; x_wconf 84' lang='lat' dir='ltr'>q.</span> <span class='ocrx_word' id='word_1_130' title='bbox 654 2593 678 2626; x_wconf 83' lang='lat' dir='ltr'>e.</span> <span class='ocrx_word' id='word_1_131' title='bbox 693 2592 720 2648; x_wconf 79' lang='lat' dir='ltr'>q.</span> <span class='ocrx_word' id='word_1_132' title='bbox 741 2574 807 2628; x_wconf 64' lang='lat' dir='ltr'>tn.</span> <span class='ocrx_word' id='word_1_133' title='bbox 824 2575 843 2627; x_wconf 85' lang='lat' dir='ltr'>l.</span> <span class='ocrx_word' id='word_1_134' title='bbox 863 2584 948 2646; x_wconf 81' lang='lat' dir='ltr'>quem</span> <span class='ocrx_word' id='word_1_135' title='bbox 971 2571 1078 2628; x_wconf 83' lang='lat' dir='ltr'>habent</span> <span class='ocrx_word' id='word_1_136' title='bbox 1097 2570 1160 2627; x_wconf 70' lang='lat' dir='ltr'>«td.</span> 
     </span>
     <span class='ocr_line' id='line_1_20' title="bbox 154 2655 1161 2733; baseline 0.006 -24"><span class='ocrx_word' id='word_1_137' title='bbox 154 2670 219 2709; x_wconf 73' lang='lat' dir='ltr'>nate</span> <span class='ocrx_word' id='word_1_138' title='bbox 232 2659 321 2710; x_wconf 78' lang='lat' dir='ltr'>Stoer.</span> <span class='ocrx_word' id='word_1_139' title='bbox 336 2671 433 2711; x_wconf 67' lang='lat' dir='ltr'>omnen</span> <span class='ocrx_word' id='word_1_140' title='bbox 446 2673 531 2710; x_wconf 73' lang='lat' dir='ltr'>mue.</span> <span class='ocrx_word' id='word_1_141' title='bbox 575 2655 661 2710; x_wconf 87' lang='lat' dir='ltr'>Paulo</span> <span class='ocrx_word' id='word_1_142' title='bbox 677 2655 777 2711; x_wconf 86' lang='lat' dir='ltr'>clarior</span> <span class='ocrx_word' id='word_1_143' title='bbox 792 2657 907 2711; x_wconf 86' lang='lat' dir='ltr'>videtur</span> <span class='ocrx_word' id='word_1_144' title='bbox 920 2656 978 2711; x_wconf 84' lang='lat' dir='ltr'>ille.</span> <span class='ocrx_word' id='word_1_145' title='bbox 1019 2660 1161 2733; x_wconf 65' lang='lat' dir='ltr'>Receptus</span> 
     </span>
     <span class='ocr_line' id='line_1_21' title="bbox 153 2735 1160 2801; baseline 0.003 -7"><span class='ocrx_word' id='word_1_146' title='bbox 153 2739 236 2794; x_wconf 72' lang='lat' dir='ltr'>estin</span> <span class='ocrx_word' id='word_1_147' title='bbox 250 2738 344 2794; x_wconf 83' lang='lat' dir='ltr'>Guelf.</span> <span class='ocrx_word' id='word_1_148' title='bbox 392 2735 395 2741; x_wconf 83' lang='grc'><strong>’</strong></span> <span class='ocrx_word' id='word_1_149' title='bbox 509 2755 611 2793; x_wconf 79' lang='lat' dir='ltr'>eterra</span> <span class='ocrx_word' id='word_1_150' title='bbox 628 2741 708 2795; x_wconf 79' lang='lat' dir='ltr'>uberi.</span> <span class='ocrx_word' id='word_1_151' title='bbox 731 2741 824 2797; x_wconf 83' lang='lat' dir='ltr'>Guelt.</span> <span class='ocrx_word' id='word_1_152' title='bbox 839 2758 899 2796; x_wconf 82' lang='lat' dir='ltr'>etr.</span> <span class='ocrx_word' id='word_1_153' title='bbox 915 2764 957 2801; x_wconf 77' lang='lat' dir='ltr'>u,</span> <span class='ocrx_word' id='word_1_154' title='bbox 974 2740 1054 2796; x_wconf 83' lang='lat' dir='ltr'>male.</span> <span class='ocrx_word' id='word_1_155' title='bbox 1077 2740 1160 2797; x_wconf 76' lang='lat' dir='ltr'>Abh-</span> 
     </span>
     <span class='ocr_line' id='line_1_22' title="bbox 151 2824 1157 2900; baseline 0.002 -21"><span class='ocrx_word' id='word_1_156' title='bbox 151 2825 246 2879; x_wconf 84' lang='lat' dir='ltr'>tivum</span> <span class='ocrx_word' id='word_1_157' title='bbox 263 2825 337 2879; x_wconf 80' lang='lat' dir='ltr'>uberi</span> <span class='ocrx_word' id='word_1_158' title='bbox 349 2824 463 2898; x_wconf 83' lang='lat' dir='ltr'>usurpat</span> <span class='ocrx_word' id='word_1_159' title='bbox 476 2837 504 2877; x_wconf 84' lang='lat' dir='ltr'>et</span> <span class='ocrx_word' id='word_1_160' title='bbox 520 2824 623 2878; x_wconf 86' lang='lat' dir='ltr'>Livius</span> <span class='ocrx_word' id='word_1_161' title='bbox 640 2826 697 2878; x_wconf 85' lang='lat' dir='ltr'>vid.</span> <span class='ocrx_word' id='word_1_162' title='bbox 715 2824 800 2880; x_wconf 82' lang='lat' dir='ltr'>Drak.</span> <span class='ocrx_word' id='word_1_163' title='bbox 819 2826 852 2879; x_wconf 85' lang='lat' dir='ltr'>ad</span> <span class='ocrx_word' id='word_1_164' title='bbox 865 2827 931 2880; x_wconf 80' lang='lat' dir='ltr'>Liv.</span> <span class='ocrx_word' id='word_1_165' title='bbox 949 2842 1005 2900; x_wconf 79' lang='lat'>29,</span> <span class='ocrx_word' id='word_1_166' title='bbox 1029 2837 1088 2893; x_wconf 77' lang='lat'>25,</span> <span class='ocrx_word' id='word_1_167' title='bbox 1111 2841 1157 2881; x_wconf 65' lang='grc' dir='ltr'>ιη.</span> 
     </span>
     <span class='ocr_line' id='line_1_23' title="bbox 152 2906 1158 2981; baseline 0.001 -19"><span class='ocrx_word' id='word_1_168' title='bbox 152 2928 216 2962; x_wconf 88' lang='lat' dir='ltr'>cum</span> <span class='ocrx_word' id='word_1_169' title='bbox 231 2907 376 2962; x_wconf 73' lang='lat' dir='ltr'>detinentis</span> <span class='ocrx_word' id='word_1_170' title='bbox 393 2909 424 2960; x_wconf 88' lang='lat' dir='ltr'>in</span> <span class='ocrx_word' id='word_1_171' title='bbox 439 2928 454 2961; x_wconf 78' lang='lat' dir='ltr'>c</span> <span class='ocrx_word' id='word_1_172' title='bbox 469 2906 594 2980; x_wconf 80' lang='lat' dir='ltr'>exempla</span> <span class='ocrx_word' id='word_1_173' title='bbox 609 2909 738 2981; x_wconf 80' lang='lat' dir='ltr'>equidem</span> <span class='ocrx_word' id='word_1_174' title='bbox 756 2929 812 2964; x_wconf 88' lang='lat' dir='ltr'>nou</span> <span class='ocrx_word' id='word_1_175' title='bbox 832 2906 1025 2971; x_wconf 85' lang='lat' dir='ltr'>meminerim,</span> <span class='ocrx_word' id='word_1_176' title='bbox 1046 2912 1158 2965; x_wconf 77' lang='lat' dir='ltr'>fortalle</span> 
     </span>
     <span class='ocr_line' id='line_1_24' title="bbox 151 2990 1157 3065; baseline 0.004 -20"><span class='ocrx_word' id='word_1_177' title='bbox 151 3009 187 3047; x_wconf 85' lang='lat' dir='ltr'>ne</span> <span class='ocrx_word' id='word_1_178' title='bbox 203 2992 420 3049; x_wconf 81' lang='lat' dir='ltr'>confunderetur</span> <span class='ocrx_word' id='word_1_179' title='bbox 433 3011 497 3045; x_wconf 88' lang='lat' dir='ltr'>cum</span> <span class='ocrx_word' id='word_1_180' title='bbox 512 2990 689 3047; x_wconf 83' lang='lat' dir='ltr'>substantivo.</span> <span class='ocrx_word' id='word_1_181' title='bbox 720 2995 781 3048; x_wconf 82' lang='lat' dir='ltr'>Effe</span> <span class='ocrx_word' id='word_1_182' title='bbox 796 2995 870 3048; x_wconf 82' lang='lat' dir='ltr'>enim</span> <span class='ocrx_word' id='word_1_183' title='bbox 886 2994 1057 3065; x_wconf 83' lang='lat' dir='ltr'>adjectivum</span> <span class='ocrx_word' id='word_1_184' title='bbox 1073 2996 1157 3050; x_wconf 70' lang='lat' dir='ltr'>uarius</span> 
     </span>
     <span class='ocr_line' id='line_1_25' title="bbox 151 3076 1156 3151; baseline 0.002 -18"><span class='ocrx_word' id='word_1_185' title='bbox 151 3076 372 3138; x_wconf 76' lang='lat' dir='ltr'>terminationir,</span> <span class='ocrx_word' id='word_1_186' title='bbox 392 3090 425 3132; x_wconf 85' lang='lat' dir='ltr'>ur</span> <span class='ocrx_word' id='word_1_187' title='bbox 439 3097 544 3151; x_wconf 78' lang='lat' dir='ltr'>pauper</span> <span class='ocrx_word' id='word_1_188' title='bbox 553 3098 563 3139; x_wconf 85' lang='lat'>,-</span> <span class='ocrx_word' id='word_1_189' title='bbox 585 3076 793 3140; x_wconf 72' lang='lat' dir='ltr'>madantum,</span> <span class='ocrx_word' id='word_1_190' title='bbox 815 3095 848 3134; x_wconf 89' lang='lat' dir='ltr'>ut</span> <span class='ocrx_word' id='word_1_191' title='bbox 864 3080 940 3139; x_wconf 76' lang='lat' dir='ltr'>color,</span> <span class='ocrx_word' id='word_1_192' title='bbox 963 3079 977 3151; x_wconf 89' lang='lat'>(</span> <span class='ocrx_word' id='word_1_193' title='bbox 984 3098 1051 3135; x_wconf 83' lang='lat' dir='ltr'>cum</span> <span class='ocrx_word' id='word_1_194' title='bbox 1067 3078 1156 3138; x_wconf 84' lang='lat' dir='ltr'>codd.</span> 
     </span>
    </p>
   </div>
   <div class='ocr_carea' id='block_1_4' title="bbox 145 3272 1156 4265">
    <p class='ocr_par' dir='ltr' id='par_1_5' title="bbox 145 3272 1156 4265">
     <span class='ocr_line' id='line_1_26' title="bbox 194 3272 1156 3352; baseline 0.007 -22"><span class='ocrx_word' id='word_1_195' title='bbox 194 3292 274 3351; x_wconf 79' lang='lat' dir='ltr'>quam</span> <span class='ocrx_word' id='word_1_196' title='bbox 287 3305 330 3319; x_wconf 87' lang='grc'>-</span> <span class='ocrx_word' id='word_1_197' title='bbox 348 3272 532 3351; x_wconf 74' lang='lat' dir='ltr'>quaestionem.</span> <span class='ocrx_word' id='word_1_198' title='bbox 577 3274 636 3332; x_wconf 91' lang='lat' dir='ltr'>Ob·</span> <span class='ocrx_word' id='word_1_199' title='bbox 675 3274 815 3341; x_wconf 63' lang='lat' dir='ltr'>..materin</span> <span class='ocrx_word' id='word_1_200' title='bbox 830 3277 859 3332; x_wconf 89' lang='lat' dir='ltr'>in</span> <span class='ocrx_word' id='word_1_201' title='bbox 873 3274 1156 3352; x_wconf 65' lang='lat' dir='ltr'>mensuratione*</span> 
     </span>
     <span class='ocr_line' id='line_1_27' title="bbox 151 3359 1155 3430; baseline 0.006 -15"><span class='ocrx_word' id='word_1_202' title='bbox 151 3360 256 3415; x_wconf 73' lang='lat' dir='ltr'>[curius</span> <span class='ocrx_word' id='word_1_203' title='bbox 269 3361 385 3415; x_wconf 83' lang='lat' dir='ltr'>dictum.</span> <span class='ocrx_word' id='word_1_204' title='bbox 414 3359 634 3413; x_wconf 81' lang='lat' dir='ltr'>Sententiahacc</span> <span class='ocrx_word' id='word_1_205' title='bbox 675 3365 720 3417; x_wconf 84' lang='lat' dir='ltr'>Sic</span> <span class='ocrx_word' id='word_1_206' title='bbox 737 3363 795 3420; x_wconf 90' lang='lat' dir='ltr'>Cic.</span> <span class='ocrx_word' id='word_1_207' title='bbox 812 3362 846 3417; x_wconf 87' lang='lat' dir='ltr'>de</span> <span class='ocrx_word' id='word_1_208' title='bbox 861 3366 924 3418; x_wconf 86' lang='lat' dir='ltr'>Inv.</span> <span class='ocrx_word' id='word_1_209' title='bbox 943 3378 971 3424; x_wconf 87' lang='lat'>2,</span> <span class='ocrx_word' id='word_1_210' title='bbox 996 3378 1014 3430; x_wconf 84' lang='lat'><strong>7</strong></span> <span class='ocrx_word' id='word_1_211' title='bbox 1037 3367 1090 3426; x_wconf 74' lang='lat' dir='ltr'>„ln</span> <span class='ocrx_word' id='word_1_212' title='bbox 1105 3364 1155 3423; x_wconf 71' lang='lat' dir='ltr'>laon</span> 
     </span>
     <span class='ocr_line' id='line_1_28' title="bbox 149 3443 1155 3522; baseline 0.009 -26"><span class='ocrx_word' id='word_1_213' title='bbox 149 3445 292 3517; x_wconf 77' lang='lat' dir='ltr'>prolecto:</span> <span class='ocrx_word' id='word_1_214' title='bbox 340 3443 509 3517; x_wconf 84' lang='lat' dir='ltr'>„Quomodo</span> <span class='ocrx_word' id='word_1_215' title='bbox 551 3443 632 3498; x_wconf 81' lang='lat' dir='ltr'>latius</span> <span class='ocrx_word' id='word_1_216' title='bbox 673 3460 786 3508; x_wconf 83' lang='lat' dir='ltr'>„autem</span> <span class='ocrx_word' id='word_1_217' title='bbox 807 3448 867 3502; x_wconf 83' lang='lat' dir='ltr'>loco</span> <span class='ocrx_word' id='word_1_218' title='bbox 887 3460 998 3522; x_wconf 85' lang='lat' dir='ltr'>caput.“</span> <span class='ocrx_word' id='word_1_219' title='bbox 1025 3448 1155 3519; x_wconf 72' lang='lat' dir='ltr'>inusss</span> 
     </span>
     <span class='ocr_line' id='line_1_29' title="bbox 150 3529 1156 3610; baseline 0.008 -30"><span class='ocrx_word' id='word_1_220' title='bbox 150 3529 391 3601; x_wconf 77' lang='lat' dir='ltr'>„comprehensam</span> <span class='ocrx_word' id='word_1_221' title='bbox 446 3529 631 3601; x_wconf 85' lang='lat' dir='ltr'>quaestionem</span> <span class='ocrx_word' id='word_1_222' title='bbox 673 3536 784 3604; x_wconf 76' lang='lat' dir='ltr'>„Atque</span> <span class='ocrx_word' id='word_1_223' title='bbox 799 3536 825 3585; x_wconf 65' lang='lat' dir='ltr'>&#39;n</span> <span class='ocrx_word' id='word_1_224' title='bbox 841 3533 890 3586; x_wconf 79' lang='lat' dir='ltr'>hoe</span> <span class='ocrx_word' id='word_1_225' title='bbox 906 3533 1020 3589; x_wconf 81' lang='lat' dir='ltr'>loeo-</span> <span class='ocrx_word' id='word_1_226' title='bbox 1036 3536 1156 3610; x_wconf 57' lang='lat' dir='ltr'>capum*</span> 
     </span>
     <span class='ocr_line' id='line_1_30' title="bbox 149 3605 896 3684; baseline 0.005 -18"><span class='ocrx_word' id='word_1_227' title='bbox 149 3611 222 3667; x_wconf 67' lang='lat' dir='ltr'>..hoc</span> <span class='ocrx_word' id='word_1_228' title='bbox 250 3612 421 3684; x_wconf 83' lang='lat' dir='ltr'>porifflmum</span> <span class='ocrx_word' id='word_1_229' title='bbox 443 3605 505 3667; x_wconf 83' lang='lat' dir='ltr'>loco</span> <span class='ocrx_word' id='word_1_230' title='bbox 530 3612 633 3666; x_wconf 77' lang='lat' dir='ltr'>intelli·</span> <span class='ocrx_word' id='word_1_231' title='bbox 672 3616 734 3671; x_wconf 85' lang='lat' dir='ltr'>vid.</span> <span class='ocrx_word' id='word_1_232' title='bbox 750 3632 809 3671; x_wconf 72' lang='lat' dir='ltr'>net.</span> <span class='ocrx_word' id='word_1_233' title='bbox 824 3616 896 3673; x_wconf 81' lang='lat' dir='ltr'>Crit.</span> 
     </span>
     <span class='ocr_line' id='line_1_31' title="bbox 149 3696 631 3773; baseline 0.012 -27"><span class='ocrx_word' id='word_1_234' title='bbox 149 3712 282 3773; x_wconf 81' lang='lat' dir='ltr'>„gamus,</span> <span class='ocrx_word' id='word_1_235' title='bbox 312 3710 340 3750; x_wconf 86' lang='lat' dir='ltr'>et</span> <span class='ocrx_word' id='word_1_236' title='bbox 361 3696 464 3769; x_wconf 72' lang='lat' dir='ltr'>quibus</span> <span class='ocrx_word' id='word_1_237' title='bbox 493 3696 631 3752; x_wconf 71' lang='lat' dir='ltr'>limitibus</span> 
     </span>
     <span class='ocr_line' id='line_1_32' title="bbox 149 3778 630 3857; baseline 0.004 -24"><span class='ocrx_word' id='word_1_238' title='bbox 149 3778 362 3839; x_wconf 69' lang='lat' dir='ltr'>‹,delini.amut.“</span> <span class='ocrx_word' id='word_1_239' title='bbox 387 3783 475 3857; x_wconf 72' lang='lat' dir='ltr'>(Jnum</span> <span class='ocrx_word' id='word_1_240' title='bbox 484 3781 630 3857; x_wconf 77' lang='lat' dir='ltr'>valetque·</span> 
     </span>
     <span class='ocr_line' id='line_1_33' title="bbox 149 3863 629 3939; baseline 0.008 -23"><span class='ocrx_word' id='word_1_241' title='bbox 149 3863 209 3916; x_wconf 74' lang='lat' dir='ltr'>tam.</span> <span class='ocrx_word' id='word_1_242' title='bbox 234 3864 310 3916; x_wconf 83' lang='lat' dir='ltr'>Patet</span> <span class='ocrx_word' id='word_1_243' title='bbox 326 3883 360 3916; x_wconf 84' lang='lat' dir='ltr'>ex</span> <span class='ocrx_word' id='word_1_244' title='bbox 377 3865 562 3937; x_wconf 79' lang='lat' dir='ltr'>sequentihus,</span> <span class='ocrx_word' id='word_1_245' title='bbox 578 3884 629 3939; x_wconf 83' lang='lat' dir='ltr'>pto</span> 
     </span>
     <span class='ocr_line' id='line_1_34' title="bbox 148 3944 629 4019; baseline 0.012 -22"><span class='ocrx_word' id='word_1_246' title='bbox 148 3944 230 4000; x_wconf 78' lang='lat' dir='ltr'>vario</span> <span class='ocrx_word' id='word_1_247' title='bbox 252 3947 416 4019; x_wconf 72' lang='lat' dir='ltr'>quaestionis</span> <span class='ocrx_word' id='word_1_248' title='bbox 437 3948 561 4010; x_wconf 83' lang='lat' dir='ltr'>ambitu,</span> <span class='ocrx_word' id='word_1_249' title='bbox 582 3970 629 4003; x_wconf 88' lang='lat' dir='ltr'>va·</span> 
     </span>
     <span class='ocr_line' id='line_1_35' title="bbox 148 4030 627 4107; baseline 0.021 -27"><span class='ocrx_word' id='word_1_250' title='bbox 148 4032 189 4084; x_wconf 80' lang='lat' dir='ltr'>rie</span> <span class='ocrx_word' id='word_1_251' title='bbox 206 4048 317 4104; x_wconf 85' lang='lat' dir='ltr'>quoqne</span> <span class='ocrx_word' id='word_1_252' title='bbox 337 4030 437 4086; x_wconf 85' lang='lat' dir='ltr'>debete</span> <span class='ocrx_word' id='word_1_253' title='bbox 459 4034 627 4107; x_wconf 80' lang='lat' dir='ltr'>responderi.</span> 
     </span>
     <span class='ocr_line' id='line_1_36' title="bbox 146 4114 628 4192; baseline 0.012 -25"><span class='ocrx_word' id='word_1_254' title='bbox 146 4116 198 4175; x_wconf 76' lang='lat' dir='ltr'>„In</span> <span class='ocrx_word' id='word_1_255' title='bbox 212 4114 266 4168; x_wconf 89' lang='lat' dir='ltr'>hoc</span> <span class='ocrx_word' id='word_1_256' title='bbox 281 4114 361 4168; x_wconf 78' lang='lat' dir='ltr'>loco‘·</span> <span class='ocrx_word' id='word_1_257' title='bbox 375 4133 467 4171; x_wconf 84' lang='lat' dir='ltr'>autem</span> <span class='ocrx_word' id='word_1_258' title='bbox 483 4119 533 4179; x_wconf 77' lang='lat' dir='ltr'>ost,</span> <span class='ocrx_word' id='word_1_259' title='bbox 550 4116 628 4192; x_wconf 87' lang='lat' dir='ltr'>quod</span> 
     </span>
     <span class='ocr_line' id='line_1_37' title="bbox 145 4198 1123 4265; baseline 0.009 -12"><span class='ocrx_word' id='word_1_260' title='bbox 145 4198 231 4255; x_wconf 82' lang='lat' dir='ltr'>hodie</span> <span class='ocrx_word' id='word_1_261' title='bbox 256 4200 347 4255; x_wconf 79' lang='lat' dir='ltr'>dicore</span> <span class='ocrx_word' id='word_1_262' title='bbox 372 4199 475 4259; x_wconf 73' lang='lat' dir='ltr'>[oleata</span> <span class='ocrx_word' id='word_1_263' title='bbox 503 4202 553 4265; x_wconf 80' lang='lat' dir='ltr'>„in</span> <span class='ocrx_word' id='word_1_264' title='bbox 576 4202 628 4259; x_wconf 77' lang='lat' dir='ltr'>luc</span> <span class='ocrx_word' id='word_1_265' title='bbox 711 4224 781 4256; x_wconf 82' lang='lat'>0-</span> <span class='ocrx_word' id='word_1_266' title='bbox 795 4203 877 4260; x_wconf 75' lang='lat' dir='ltr'>uberi.</span> <span class='ocrx_word' id='word_1_267' title='bbox 901 4201 960 4259; x_wconf 82' lang='lat' dir='ltr'>vid.</span> <span class='ocrx_word' id='word_1_268' title='bbox 976 4217 1036 4259; x_wconf 83' lang='lat' dir='ltr'>not.</span> <span class='ocrx_word' id='word_1_269' title='bbox 1052 4202 1123 4262; x_wconf 78' lang='lat' dir='ltr'>crit.</span> 
     </span>
    </p>
   </div>
   <div class='ocr_carea' id='block_1_5' title="bbox 670 3734 1154 4131">
    <p class='ocr_par' dir='ltr' id='par_1_6' title="bbox 670 3734 1154 4131">
     <span class='ocr_line' id='line_1_38' title="bbox 714 3734 1154 3809; baseline 0.005 -16"><span class='ocrx_word' id='word_1_270' title='bbox 714 3742 800 3809; x_wconf 73' lang='lat' dir='ltr'>majus</span> <span class='ocrx_word' id='word_1_271' title='bbox 812 3739 908 3795; x_wconf 79' lang='lat' dir='ltr'>adhuc.</span> <span class='ocrx_word' id='word_1_272' title='bbox 933 3740 1030 3794; x_wconf 78' lang='lat' dir='ltr'>Adbuc</span> <span class='ocrx_word' id='word_1_273' title='bbox 1038 3734 1072 3794; x_wconf 84' lang='lat' dir='ltr'>ad</span> <span class='ocrx_word' id='word_1_274' title='bbox 1080 3760 1154 3795; x_wconf 86' lang='lat' dir='ltr'>com·</span> 
     </span>
     <span class='ocr_line' id='line_1_39' title="bbox 670 3824 1151 3898; baseline 0.008 -22"><span class='ocrx_word' id='word_1_275' title='bbox 670 3824 831 3898; x_wconf 73' lang='lat' dir='ltr'>parativam</span> <span class='ocrx_word' id='word_1_276' title='bbox 859 3842 917 3878; x_wconf 87' lang='lat' dir='ltr'>non</span> <span class='ocrx_word' id='word_1_277' title='bbox 944 3824 1086 3898; x_wconf 84' lang='lat' dir='ltr'>pertinet,</span> <span class='ocrx_word' id='word_1_278' title='bbox 1119 3843 1151 3880; x_wconf 80' lang='lat' dir='ltr'>eo</span> 
     </span>
     <span class='ocr_line' id='line_1_40' title="bbox 671 3902 1151 3980; baseline 0.004 -19"><span class='ocrx_word' id='word_1_279' title='bbox 671 3908 765 3968; x_wconf 88' lang='lat' dir='ltr'>modo,</span> <span class='ocrx_word' id='word_1_280' title='bbox 780 3926 863 3980; x_wconf 81' lang='lat' dir='ltr'>quem</span> <span class='ocrx_word' id='word_1_281' title='bbox 878 3908 1004 3962; x_wconf 74' lang='lat' dir='ltr'>vidimus</span> <span class='ocrx_word' id='word_1_282' title='bbox 1017 3931 1042 3972; x_wconf 86' lang='lat'>1,</span> <span class='ocrx_word' id='word_1_283' title='bbox 1057 3923 1086 3977; x_wconf 82' lang='lat'>5,</span> <span class='ocrx_word' id='word_1_284' title='bbox 1102 3902 1151 3963; x_wconf 58' lang='lat' dir='ltr'>aa}</span> 
     </span>
     <span class='ocr_line' id='line_1_41' title="bbox 670 3988 1152 4071; baseline 0.004 -25"><span class='ocrx_word' id='word_1_285' title='bbox 670 3988 792 4051; x_wconf 79' lang='lat' dir='ltr'>Videtur</span> <span class='ocrx_word' id='word_1_286' title='bbox 809 4008 869 4047; x_wconf 87' lang='lat' dir='ltr'>tum</span> <span class='ocrx_word' id='word_1_287' title='bbox 886 3994 1031 4068; x_wconf 83' lang='lat' dir='ltr'>praemitti</span> <span class='ocrx_word' id='word_1_288' title='bbox 1045 3996 1152 4071; x_wconf 78' lang='lat' dir='ltr'>[emper</span> 
     </span>
     <span class='ocr_line' id='line_1_42' title="bbox 670 4076 846 4131; baseline -0.006 0"><span class='ocrx_word' id='word_1_289' title='bbox 670 4076 846 4131; x_wconf 80' lang='lat' dir='ltr'>adverbium.</span> 
     </span>
    </p>
   </div>
   <div class='ocr_carea' id='block_1_6' title="bbox 0 0 1302 4710">
    <p class='ocr_par' dir='ltr' id='par_1_7' title="bbox 0 0 1302 4710">
     <span class='ocr_line' id='line_1_43' title="bbox 0 0 1302 4710; baseline 0 4"><span class='ocrx_word' id='word_1_290' title='bbox 0 0 1302 4710; x_wconf 95' lang='lat' dir='ltr'> </span> 
     </span>
    </p>
   </div>
  </div>
 </body>
</html>
