2750 4800
407 306 757 416 semermos
1010 365 1078 416 m

137 535 219 608 Hae
251 543 387 604 autem
413 529 548 629 quales
580 528 654 606 lint
683 533 864 632 proprie,
913 555 1007 608 cum
1040 547 1079 606 et

134 671 358 758 conjectura
379 661 447 740 suo
468 663 586 772 usqne
603 663 641 739 se
657 663 889 766 profiteatur
903 666 1079 744 Obrech-

129 819 215 890 τηε,
258 795 340 899 ipsa
375 797 539 896 quidem
570 798 695 876 editio
723 801 925 878 neminem
950 799 1077 892 docet,

136 951 176 1008 et
208 935 276 1009 hic
309 955 471 1031 quoque
501 931 659 1020 Codex,
711 936 782 1034 qui
812 905 972 1012 videtur
1003 934 1077 1012 effe

132 1064 469 1170 praestantiffimus
489 1068 750 1168 proximeque
766 1068 815 1145 ad
825 1071 958 1144 Turic.
975 1072 1075 1146 Arm.

86 1307 87 1312 Ἰ
134 1202 247 1280 Bodl.
279 1199 480 1290 accedere,
527 1217 702 1301 expectat
731 1227 887 1278 novum
917 1204 1077 1280 collato·

135 1363 241 1428 rem,
302 1337 375 1435 qui
407 1332 522 1410 Ptcile
552 1333 680 1435 potest
709 1339 747 1412 ei
776 1339 1005 1438 contingere
1034 1340 1079 1414 in

129 1474 252 1561 urbe,
299 1470 372 1546 ubi
405 1470 652 1560 Brunckius,
693 1471 1078 1574 Schweigheuserus‚

133 1589 347 1684 Oberlinus
368 1620 549 1680 tutantur
565 1603 713 1682 nostros
732 1605 872 1682 literas.
932 1611 990 1684 Ex
1008 1607 1079 1684 ali-

130 1767 213 1842 qua
234 1757 342 1844 porte
363 1738 603 1816 defiderium
622 1711 802 1816 nostruin
829 1742 977 1818 levarit
996 1743 1077 1820 Ob·
1150 1760 1155 1772 '

131 1878 292 1956 reclrtus
314 1873 568 1977 praemittens
594 1876 722 1951 textui
754 1875 952 1964 „indicem
975 1903 1078 1978 quo·

131 2011 328 2101 „rundam
355 2012 538 2088 locorum
573 2035 675 2110 quos
715 2051 764 2068 ·-·
812 2011 1076 2093 emendavit·“

130 2143 218 2248 Ipi'e
243 2146 287 2220 in
313 2170 377 2234 eo,
395 2155 404 2184 “
423 2169 542 2244 quom
570 2144 655 2220 dixi
684 2143 847 2246 epistola
876 2145 1076 2222 rectiffime

133 2273 251 2360 sentit
274 2278 324 2355 de
352 2281 464 2358 omni
493 2279 571 2357 hoc
594 2280 768 2382 negotio.
825 2251 933 2356 Nem
954 2281 1111 2374 ‚,Vul-,
1196 2305 1208 2322 ‘

133 2427 275 2507 „nero“
305 2417 358 2489 ait
393 2431 464 2504 „ut
486 2411 612 2488 sanari
637 2411 674 2487 se
698 2418 919 2515 patiantur,
955 2414 1076 2492 cruda

130 2551 246 2646 „sunt
272 2548 468 2626 tractanda
491 2563 530 2626 et
554 2549 696 2638 callus,
748 2547 868 2650 quod'
892 2549 1078 2629 obductis

132 2687 259 2778 „male
282 2679 534 2762 'cicatricibus
565 2679 652 2758 fieri
672 2679 795 2772 ¹folet,
853 2683 903 2760 ad
934 2685 1078 2761 vivum

131 2819 396 2916 „resecandus
455 2824 488 2896 E
511 2819 709 2920 corruptis
732 2833 835 2899 ceree
862 2819 960 2896 locis
984 2820 1080 2904 nul·

131 2957 218 3058 „los
241 2951 399 3028 felicius
423 2932 640 3033 correxerit·
662 2955 736 3055 qui
755 2971 836 3031 arte
859 2970 898 3032 et
922 2953 1075 3049 judicio

133 3087 282 3182 ‚,vaiet,
309 3111 429 3187 quam
450 3088 521 3185 qui
545 3103 584 3160 et
607 3111 629 3162 a
651 3089 822 3166 librariis
843 3087 1077 3190 imperitiffi·

130 3249 220 3316 „me
249 3219 384 3320 scripti
411 3237 451 3297 et
478 3222 525 3295 ab
557 3221 878 3304 emendatoribus
907 3249 982 3324 pro
1006 3219 1076 3297 de-

133 3356 412 3462 „speratiffimis
434 3355 573 3454 abjecti
594 3354 723 3434 sunt.“

79 3629 314 3731 Altenburgi
354 3653 412 3706 ex·
438 3625 594 3706 officina
632 3625 835 3704 Richteria
874 3645 991 3726 1775.
1035 3647 1072 3718 3.

137 3765 212 3840 Hic
234 3790 385 3866 ponere
411 3765 537 3842 malui
569 3779 743 3840 curatam
770 3764 819 3839 ab
841 3766 1000 3842 Harlete
1028 3767 1073 3840 V.

134 3901 179 3976 C.
235 3901 514 4000 repetitionem
563 3900 816 3976 Rollinisnae
870 3901 1074 4002 epitomes,

58 4109 61 4114 .
134 4055 256 4136 quam
273 4031 365 4112 [ure
383 4037 546 4142 proprie
561 4035 677 4116 aetati
686 4033 865 4118 reddere.
915 4037 1074 4116 Notum
