2596 4710
178 307 257 384 tao
418 289 477 365 rt.
494 264 601 362 'mu
627 286 944 383 outnruttut

178 482 345 559 interim
358 476 498 583 sponte
513 477 645 555 nostra
660 476 775 551 velut
793 473 998 562 donantes,
1025 474 1191 551 interim

179 597 316 687 adea,
350 593 565 695 quaesunt
590 593 835 693 potentiora,
865 588 1038 691 gradum
1061 616 1110 665 ex
1129 592 1190 667 his

153 708 313 789 9ieciile
333 713 520 787 contenti.
579 710 754 808 Simplex
774 722 907 783 antem
924 702 1038 780 causa
1054 711 1188 783 etiam·

179 824 340 903 livarie
362 823 614 913 defenditur,
652 849 736 899 nou
766 818 891 922 potest
922 820 1070 895 habere
1099 824 1186 921 plus

177 967 287 1030 uno,
318 939 368 1014 de
393 967 474 1038 quo
494 940 808 1039 pronuncietur:
845 952 965 1036 atque
993 933 1092 1009 inde
1115 938 1186 1011 erit

67 1060 74 1079 “
171 1050 308 1163 status
323 1049 488 1163 causae,
517 1053 631 1153 quod
651 1069 691 1126 et
715 1068 847 1128 orator
872 1051 1089 1151 praecipue
1115 1050 1182 1125 fibi

181 1168 470 1256 obtinendum,
504 1183 544 1241 et
568 1167 690 1261 judex
726 1164 986 1266 spectandum
1013 1168 1223 1252 maximecu

134 1285 380 1382 ²0intelligit
417 1284 463 1357 in
475 1280 555 1356 hoc
573 1285 682 1356 euim
697 1278 808 1354 causa
824 1277 1013 1356 consistet
1073 1284 1180 1357 Cete-

177 1423 272 1476 rum
295 1393 571 1496 quaestiontun
587 1391 747 1496 poliunt
764 1391 837 1470 elle
856 1393 1014 1470 diversi.
1065 1396 1177 1502 Quod

177 1528 227 1587 ut
244 1510 466 1587 breviffimo
483 1527 612 1612 pateat
624 1511 830 1611 exemplo:
859 1536 954 1585 cum
964 1508 1065 1585 dicit
1082 1536 1176 1601 reus,

178 1621 347 1736 Etiamst
367 1620 479 1734 feci,
529 1642 634 1702 recte
652 1620 745 1733 feci
752 1653 770 1720 5
825 1626 1027 1728 qualitatis
1057 1627 1175 1719 utitur

178 1920 289 1981 practer
301 1906 378 1967 Voff.
395 1920 423 1975 5.
442 1924 506 1962 cum
526 1904 581 1964 hoc
600 1905 662 1962 edd.
678 1920 747 1963 vett.
765 1920 828 1963 ante
841 1907 981 1964 Stoerium
995 1924 1094 1964 ornnes
1106 1922 1172 1963 ercet.

171 1989 240 2069 fine.
283 1992 345 2047 Post
356 1990 556 2067 hnnc'primus
569 1995 668 2047 Burin.
684 1992 830 2049 revocavit
845 1993 1079 2065 conjunctivum,
1098 2009 1172 2067 quen

175 2074 382 2138 summitati,
411 2077 463 2150 qui
482 2077 610 2151 deinceps
631 2076 787 2131 ediderunt.
828 2077 886 2151 Qui
899 2075 959 2153 fine
979 2076 1171 2150 praetulerunt·

174 2159 300 2215 retuliffe
320 2158 456 2215 videntur
479 2160 513 2215 td
536 2162 704 2232 confidimus.
746 2164 848 2216 Fateor
871 2161 955 2215 etiam
979 2161 1011 2213 iu
1032 2161 1121 2215 nostra
1137 2177 1172 2213 rt·

176 2244 256 2298 tione
276 2244 357 2315 (vid.
381 2260 440 2300 not.
463 2247 528 2317 ex.)
549 2245 762 2315 conjtmctivum
783 2245 858 2319 polle
878 2243 990 2300 delendi
1004 2264 1044 2301 ex
1057 2244 1171 2301 oratione

174 2328 308 2402 (tripertio,
330 2327 375 2383 led
391 2327 550 2403 expeditior
564 2329 690 2402 profecto
705 2331 742 2384 est
755 2328 934 2384 indicativut.

239 2431 420 2487 obtinendum.
463 2430 558 2486 Gueli.
584 2432 782 2505 opponendum
811 2451 875 2486 cum
898 2436 994 2489 locun.
1016 2436 1093 2492 Voff.
1109 2448 1170 2503 1.3.

175 2527 205 2569 et
226 2514 271 2569 ed.
294 2530 404 2589 praeter
425 2512 485 2569 aliie
507 2530 673 2569 memoratus
693 2518 778 2571 Turn.
798 2515 835 2587 (a
858 2520 931 2576 Jent
954 2518 1115 2582 deficiente,
1140 2518 1172 2573 cf·

172 2599 201 2668 §.
218 2598 237 2655 6
258 2599 426 2669 ducendum)
456 2600 541 2655 Goth.
562 2619 625 2653 cum
640 2599 715 2658 Voss'.
734 2614 761 2653 2.
782 2599 883 2671 (solito
904 2602 1009 2656 horum
1032 2604 1172 2675 consensu)

173 2684 387 2760 proponendum.
408 2702 492 2758 quam
510 2683 671 2757 scripturam
690 2702 787 2762 margo
809 2686 932 2759 Gnspltii
953 2702 980 2740 et
1002 2690 1101 2743 Burm.
1120 2706 1172 2741 mo·

174 2782 244 2823 nent
258 2766 309 2821 ess'e
327 2767 410 2820 etiam
425 2768 455 2819 in
471 2767 567 2823 Vallue
581 2766 665 2821 libro.
709 2770 801 2829 Hunc,
822 2771 872 2841 qni
886 2773 926 2830 stt,
948 2771 1076 2826 noudum
1092 2772 1170 2827 habeo

173 2866 365 2925 compertum,
393 2870 457 2905 cum
479 2851 598 2911 Badius,
627 2853 706 2923 cujus
731 2852 799 2907 Cod.
823 2852 978 2909 Vallenlent
1000 2856 1088 2917 novi,
1118 2857 1170 2928 ejus

173 2934 279 2989 nullam
296 2934 395 2989 habeat
410 2935 438 2988 h.
455 2935 475 2994 l.
490 2937 670 2989 mentionem.
713 2936 852 3008 Equidem
871 2957 968 2992 veram
990 2939 1116 2995 existimo
1134 2958 1170 2993 rc·

172 3036 297 3095 ceptam,
321 3008 406 3095 quim
426 3022 478 3075 elle
492 3022 522 3074 in
539 3018 614 3074 Alm.
636 3020 731 3073 Turic.
755 3020 835 3075 Bodl.
856 3022 914 3076 Bul.
931 3039 959 3076 et
974 3024 1083 3097 aliquot
1103 3042 1171 3099 prte-

171 3120 262 3165 terea,
287 3124 323 3160 ex
338 3123 437 3159 eorum
460 3106 511 3178 qui
532 3102 713 3157 contulertuu
735 3103 842 3159 silentio
858 3121 932 3160 tecte
954 3107 1087 3187 colligere
1107 3107 1171 3163 mihi

170 3189 280 3243 videor.
331 3189 402 3243 Edd.
428 3188 534 3262 aliquot
554 3202 662 3240 veteres
687 3191 859 3260 optinendum
879 3192 1043 3264 praeferunt
1070 3194 1125 3263 (ci.
1150 3211 1172 3249 u

171 3287 207 3339 7,
231 3275 281 3341 7.)
303 3288 336 3327 ut
355 3275 427 3332 Jens.
450 3276 517 3327 Luc.
541 3272 639 3328 Venet.
703 3273 769 3326 lude
793 3289 889 3328 natum
912 3276 1034 3350 suspicor
1056 3294 1172 3332 errorem

169 3354 353 3411 librariorum
375 3357 573 3430 compendium
595 3357 625 3408 iu
651 3356 740 3411 Codd.
764 3359 835 3419 luit,
857 3357 908 3412 ubi
928 3383 948 3431 p
971 3360 1052 3420 effer,
1076 3361 1172 3419 noni.

169 3440 242 3494 male
271 3442 526 3517 interpretantium.
576 3441 799 3511 Proponendum,
836 3443 913 3515 quod
937 3445 1061 3499 Gesnero
1082 3446 1173 3521 placet.

168 3542 273 3578 rueram
287 3540 358 3599 puto
373 3527 582 3582 correctionem,
599 3544 613 3576 a
629 3522 737 3578 librarii
757 3524 872 3603 ingenio
887 3528 1053 3602 profectam,
1076 3547 1173 3606 preme

167 3605 246 3661 illius
261 3608 423 3683 scripturae:
445 3609 643 3684 opponendum.
686 3608 840 3687 Propofitio
862 3626 919 3665 tam
943 3611 999 3668 late
1014 3632 1074 3669 non
1090 3626 1172 3691 patet.

168 3708 255 3764 quam
267 3694 358 3748 noster
372 3694 407 3748 de
420 3695 553 3748 industria
569 3706 667 3747 tractat
686 3690 751 3766 1-4.
775 3714 797 3749 c.
813 3705 843 3768 4.

169 3938 251 4002 haec,
280 3957 341 3999 tum
362 3948 497 4004 nimirum
519 3970 577 4002 cum
594 3948 651 4019 jum
693 3962 843 4005 trectmut
864 3949 998 4024 quidem,
1028 3949 1074 4007 fed
1095 3951 1174 4005 etiarn

169 4041 284 4080 tractata
301 4028 376 4103 suut.
422 4034 591 4089 Omittutttttr
603 4052 651 4086 au·
693 4053 773 4106 quae.
793 4036 903 4090 tracturi
914 4051 1022 4110 coepta,
1044 4054 1103 4090 non
1117 4054 1174 4110 pet·

170 4124 227 4163 tun
252 4128 311 4168 nou
331 4115 421 4172 lolutn
441 4137 486 4179 en.
521 4136 592 4192 quie
613 4135 650 4172 ne
691 4121 844 4193 sequimur.
886 4120 948 4178 vid.
970 4135 1009 4177 et.
1029 4136 1091 4179 not.
1106 4120 1173 4179 Crit-
