2596 4710
311 320 434 389 msr.
462 276 670 392 omorc
701 326 794 392 Lm.
820 325 873 410 11,
904 344 960 413 17.
1068 344 1137 419 591

133 507 196 597 di,
224 507 327 582 bene
341 524 474 585 autem
489 509 619 584 dicere
636 506 707 584 scit
722 526 864 587 orator.
922 512 998 587 Sed
1014 510 1186 596 nescitae

131 646 184 699 nn
215 649 360 698 verum
386 624 453 713 fit,
482 624 594 725 quod
620 624 725 700 dicit.
795 628 860 701 Ne
890 626 936 700 hi
964 627 1141 726 quidem,

132 739 207 839 qui
226 740 378 838 ignem,
400 755 468 815 aut
484 765 644 838 aquam,
664 756 730 817 aut
748 758 920 839 quatuor
934 743 1140 833 elementa,

130 869 202 929 eut
230 878 396 954 corpora
431 852 657 929 insecabilia
688 851 780 943 elle,
817 882 865 929 ex
895 857 1042 956 quibus
1075 884 1138 935 res

129 994 271 1045 omnes
307 971 469 1044 initium
502 968 706 1058 duxerint,
745 970 907 1061 tradunt
914 998 926 1062 3
962 998 1035 1046 11ec
1066 975 1139 1070 qui

130 1084 341 1161 intervalla
357 1083 549 1173 siderum,
567 1102 607 1160 et
623 1081 824 1162 mensuras
840 1083 933 1162 solis
951 1112 994 1161 ac
1013 1103 1138 1162 terrae

131 1199 350 1299 colligunt:
391 1197 639 1301 disciplinam
675 1216 805 1293 tamen
844 1198 975 1290 suam,
1011 1218 1136 1276 artem

129 1329 287 1391 vocant.
346 1314 467 1419 Quod
494 1312 522 1389 fi
549 1318 651 1391 ratio
677 1314 812 1403 efficit,
847 1331 894 1391 ut
926 1316 1021 1391 haec
1051 1343 1139 1395 non

132 1431 309 1529 opinari,
330 1427 419 1520 sed,
440 1446 603 1531 propter
618 1432 704 1505 vim
721 1432 1018 1531 probationum,
1039 1428 1136 1505 scire

132 1543 362 1633 videantur3
393 1543 531 1620 eadem
542 1547 644 1623 ratio
658 1543 765 1619 idem
779 1544 970 1645 praestare
989 1547 1137 1623 oratori

128 1656 269 1763 potest.
335 1659 411 1733 Sed
439 1686 489 1734 an
519 1658 630 1735 caula
651 1684 746 1735 vera
766 1656 833 1753 fit,
866 1658 997 1734 nescit.
1066 1652 1132 1735 Ne
1142 1688 1182 1751 59

128 1773 311 1851 medicus
336 1774 520 1873 quidem,
548 1800 599 1851 an
621 1775 805 1852 dolorem
829 1776 965 1875 capitis
984 1776 1136 1865 habeat,

129 1891 205 1989 qui
220 1889 297 1965 hoc
311 1887 349 1962 se
365 1893 446 1989 pati
463 1890 585 1966 dicet:
619 1890 773 1966 curabit
789 1905 932 1978 tamen,
947 1907 1137 1991 tanquam

129 2004 177 2079 id
199 2030 342 2079 verum
369 2003 434 2092 lit,
471 2020 511 2079 et
538 2006 615 2079 crit
636 2030 696 2081 ars
723 2004 931 2079 medicina.
999 2004 1135 2109 Quid?
1243 2030 1247 2037 ·

131 2118 243 2220 quod
266 2119 463 2194 rhetorice
485 2144 572 2195 non
588 2119 731 2218 utique
751 2116 998 2218 propolitum
1017 2118 1136 2193 habet

129 2232 285 2334 semper
301 2259 395 2309 vera
416 2233 595 2321 dicendi,
619 2232 688 2307 sed
711 2228 1134 2333 semper'verilimilial

129 2348 201 2423 leit
224 2366 357 2424 autem
376 2346 449 2423 elle
468 2347 715 2436 verisimilia,
740 2374 842 2447 quae
862 2348 968 2422 dicit.
1025 2348 1180 2443 Adii-4⁰

129 2466 245 2541 ciunt
266 2464 349 2554 his,
379 2466 452 2565 qui
478 2480 616 2540 contra
642 2461 836 2553 sentiunt,
875 2462 987 2563 quod
1009 2461 1133 2564 saepe,

194 2692 329 2749 damarim.
372 2696 438 2748 Hoc
451 2712 486 2747 ex
502 2713 559 2748 uno
573 2696 702 2748 Beruenfi
717 2693 842 2767 reposui,
859 2711 911 2766 pro
921 2691 1048 2747 omnium
1066 2706 1136 2746 cete·

128 2794 228 2833 rorum
244 2793 271 2831 et
287 2778 451 2851 scriptorum
467 2793 494 2831 et
510 2781 672 2831 excusorum
688 2777 836 2838 duxerunt,
858 2775 937 2849 quo'd
948 2774 1038 2854 logica
1053 2776 1136 2831 fimul

128 2877 159 2917 et
179 2861 299 2916 latinitas
320 2865 463 2934 respuunt.
505 2864 578 2917 Nam
594 2861 669 2914 hunc
684 2860 777 2914 locum
792 2879 827 2913 ex
841 2878 875 2914 co
888 2878 1003 2940 genere,
1024 2858 1059 2913 de
1077 2877 1135 2932 quo

128 2946 254 3021 dicputat
274 2948 462 3021 Heufingerus
484 2945 571 2999 Praei.
590 2944 624 2998 ad
648 2944 706 2999 Cic.
731 2942 765 2998 de
781 2946 838 3001 Oll.
860 2947 988 3018 p.L111‚
1008 2944 1134 3000 ellenon

128 3044 210 3107 puto.
239 3032 275 3083 Et
290 3028 368 3083 facile
383 3026 527 3083 aberrabat
543 3026 650 3083 librarii
666 3026 764 3081 oculus
781 3047 797 3081 c
814 3029 924 3082 trudunt
939 3027 1132 3083 adduxerunt.

171 3114 322 3171 videmur.
355 3112 442 3169 Goth.
456 3113 470 3184 (
478 3127 529 3167 tac.
544 3113 639 3181 Gelu.)
654 3112 790 3167 videamur
804 3130 868 3167 cum
884 3112 959 3169 Vols.
976 3125 1005 3164 2.

128 3312 220 3369 nenda
244 3311 280 3366 est
302 3330 361 3367 vox
384 3310 501 3391 legentis
521 3310 552 3365 in
574 3332 614 3367 rr·
653 3311 729 3366 lcnsu
752 3309 840 3385 accipi
859 3307 1032 3364 locutionem
1055 3306 1133 3363 hanc.

125 3396 326 3477 spondendum.
370 3400 403 3449 ln
426 3396 462 3450 iis
483 3414 553 3470 quac
576 3398 613 3451 le·
653 3394 729 3451 Solet
746 3395 819 3449 enim
836 3392 1002 3469 plerumque
1016 3392 1135 3447 modeste

128 3484 319 3557 quuntnrQu.
334 3480 631 3554 repetitleurcutiam·
653 3478 795 3533 affirmare.
838 3479 893 3533 llic¹
919 3478 1032 3551 quidem
1061 3476 1137 3531 nihil

128 3564 317 3625 Antonianum
333 3578 365 3619 ut
380 3566 406 3619 le
421 3564 612 3642 ndrrgumen·
654 3562 716 3618 talo.
746 3563 780 3617 cf.
797 3578 856 3617 not.
873 3578 917 3616 ex.
932 3563 966 3621 ad
986 3563 1014 3630 §.
1034 3575 1052 3629 3
1073 3561 1134 3640 huj.

126 3664 191 3706 mm
210 3648 277 3703 inde
292 3648 414 3725 petitum
431 3650 558 3726 accingar
572 3669 614 3703 re·
653 3667 712 3723 cap.

129 3733 293 3793 tenendum.
342 3731 457 3807 Alioqui
479 3732 549 3787 male
571 3734 612 3786 in·
695 3733 724 3787 hi
736 3760 778 3774 -·
794 3728 1137 3807 qui-tradune.1ntel-

129 3818 255 3896 rellignc‚
276 3817 310 3871 id
327 3817 417 3891 ipsum
438 3816 489 3871 effe
505 3821 612 3891 respon·
652 3814 724 3895 lige:
754 3813 861 3889 Plrylici
882 3812 1053 3890 philosophi.
1095 3814 1136 3867 si·

128 3900 271 3966 desidum
314 3900 392 3974 quod
428 3900 613 3981 inelegantius
654 3901 766 3979 gnismt
801 3913 893 3953 autem
939 3898 1137 3975 Pythagoreos.

130 3986 216 4043 foret.
654 3983 844 4045 Heraclitum,
859 3982 1022 4050 Thaletem,
1038 3980 1139 4056 Empe·

196 4065 336 4143 nescitur.
378 4070 442 4122 Hoc
456 4067 519 4123 loco
533 4089 615 4146 appa·
655 4068 781 4130 doclecn,
811 4068 1003 4143 Leucippum..
1035 4068 1139 4123 Demo·

129 4170 191 4218 tot.
205 4150 271 4213 cllo.
287 4171 371 4233 quarn
385 4152 614 4227 frequentiffum,
657 4155 775 4215 aliurn,
797 4153 964 4229 Epicurum.
