2596 4710
254 350 376 421 INST.
404 349 613 423 onnon
641 352 897 442 L113.11,17.
1007 370 1080 448 389
1133 296 1137 311 ¹

70 540 170 617 haec
194 536 380 615 adversus
405 564 472 616 eos
496 565 661 641 quoque
684 538 829 616 frustra
851 543 1079 643 excogitata,

70 656 146 755 qui
166 656 280 733 malie
301 655 483 732 moribus
501 660 833 733 nomen-oratoris
852 656 1074 758 indulgent

70 773 180 851 Nam
206 767 392 847 rhetorice
414 798 489 848 non
512 767 573 877 est
594 776 789 849 contrario
800 767 890 881 sthi.
949 772 1121 855 causare

67 886 181 961 enim
198 911 290 961 cum
305 884 429 977 cause,
456 912 542 963 non
553 888 622 961 illa
638 886 772 963 secum
791 887 885 988 ipsa,
911 914 1075 989 compo-

68 1003 192 1077 nitur.
251 1004 359 1092 Nec,
388 999 418 1076 fi
442 1020 624 1104 pugnent
649 1004 754 1077 inter
780 1000 838 1092 se,
865 1005 938 1104 qui
963 1003 1074 1079 idem

68 1114 319 1206 didicerunt,
347 1118 490 1195 iccirco
513 1143 592 1208 ars,
619 1144 720 1218 quae
744 1120 907 1218 utrique
931 1106 1090 1194 tradita

67 1228 144 1321 est,
177 1258 263 1308 non
293 1234 387 1307 erit:
431 1233 583 1333 alioqui
609 1259 682 1308 nec
712 1259 935 1323 armorum;
976 1237 1071 1334 quia

66 1344 180 1447 saepe
198 1347 442 1447 gladiatores,
460 1347 690 1424 [abeodem
707 1346 890 1449 magistro
910 1348 1072 1439 eruditi,

66 1462 173 1537 inter
187 1460 226 1536 se
244 1479 562 1564 componuntur:
592 1490 665 1538 nec
679 1464 946 1563 gubernandi3
974 1466 1118 1563 quiatt

65 1578 277 1655 navalibus
293 1582 455 1679 proeliis
477 1580 715 1680 gubemator
733 1578 788 1653 est
811 1581 1070 1680 gubernatori

65 1690 274 1769 adversus:
314 1721 389 1769 nec
420 1695 693 1795 imperatoria;
733 1696 828 1795 quia
854 1697 1070 1795 imperator

66 1832 162 1885 cum
177 1809 416 1909 imperatore
437 1810 653 1886 contendit.
708 1813 810 1885 Item
824 1835 909 1885 non
925 1812 1069 1885 evertit

65 1948 170 2024 opus
187 1924 402 2015 rhetorice,
432 1925 543 2024 quod
561 1922 688 2000 efficit.
720 1949 852 2024 neque
870 1926 978 2000 enim
994 1950 1069 2025 po·

63 2036 185 2114 litum
206 2065 228 2113 a
250 2038 289 2114 se
314 2055 594 2141 argumentum
611 2038 733 2116 solvit
754 2054 905 2126 orator,
929 2036 998 2113 sed
1015 2063 1067 2113 ne

64 2154 262 2231 rhetorice
276 2154 458 2255 quidem:
487 2156 594 2257 quia,
610 2153 718 2255 apud
731 2179 811 2242 eos,
827 2154 899 2253 qui
916 2154 960 2227 in
978 2179 1060 2252 per·
1177 2154 1182 2169 '

63 2267 267 2347 suadendo
290 2268 412 2347 linem
431 2285 592 2372 putant,
621 2286 689 2346 aut
709 2267 737 2343 fi
759 2269 849 2369 quis
869 2270 940 2367 (ut
957 2267 1066 2367 dixi)

64 2382 194 2473 casus,
221 2384 324 2462 duos
344 2389 448 2463 inter
461 2385 498 2461 le
513 2388 642 2462 bonos
655 2388 763 2461 viros
780 2381 1065 2484 composuerit,

62 2498 293 2576 verifimilia
302 2517 562 2602 quaerentur:
590 2527 676 2577 non
689 2516 833 2587 autem,
850 2498 878 2574 fi
893 2497 1064 2600 quidest

60 2813 81 2871 b
123 2729 197 2871 εἶά
209 2726 303 2808 efficit.
347 2730 440 2787 Guelf.
454 2731 527 2811 quod
540 2732 630 2809 effecit
643 2749 709 2787 cum
723 2729 809 2786 Goth.
823 2727 901 2804 quod
916 2741 988 2784 recte
999 2744 1066 2803 pro.
1174 2690 1177 2695 Ι

83 2826 111 2870 Ιῑ
152 2834 206 2870 en·

104 3031 308 3088 computamur.
345 3013 495 3089 Proprium
507 3011 544 3068 de
584 3028 642 3069 eum
658 3030 727 3069 certe
743 3027 930 3086 quaemntur,
950 3010 992 3089 „fi
1005 3015 1064 3087 quir

61 3097 262 3177 gladiatoribur
296 3098 467 3157 vocabulum
495 3096 544 3154 ob·
583 3128 644 3160 „-
673 3095 890 3171 composuerit‚“
928 3098 1065 3170 quoniam

60 3185 173 3241 [ment
187 3186 301 3239 timaee.
584 3183 732 3254 arduoque
760 3182 836 3235 auu
863 3201 927 3235 vera
948 3180 1062 3255 quidem

104 3272 168 3344 quia
184 3298 226 3312 -
241 3285 409 3343 quaerentur.
431 3267 461 3322 si
470 3282 543 3320 non·
584 3267 637 3322 else
667 3264 781 3341 nequit.
815 3264 963 3342 oerifimilr's
990 3263 1063 3317 nihil

60 3351 114 3407 nid
128 3351 469 3429 nerifimilr‘aquaetrrntur,
485 3351 544 3425 pot·
585 3350 672 3407 obstat
696 3368 755 3425 qno
782 3349 876 3405 minue
904 3350 944 3403 fit.
993 3352 1061 3403 Eam

59 3438 126 3494 lunt
148 3456 179 3490 ea
206 3436 256 3493 libi
280 3437 403 3492 invicem
425 3435 540 3510 opponi.
582 3435 742 3492 fenennam
757 3449 784 3488 et
796 3435 901 3490 Badius
909 3432 991 3487 efficit
1000 3452 1064 3487 con·

58 3539 152 3593 neque
167 3536 257 3575 namen
272 3522 323 3576 elie
337 3520 482 3580 contraria,
503 3517 540 3573 ob
582 3535 623 3574 tra
641 3521 771 3597 Regium,
793 3519 842 3592 qui
859 3518 998 3595 corrigere
1013 3536 1063 3572 vo·

36 3604 108 3667 jd,
129 3604 208 3679 quod
227 3603 387 3685 subjungit,
411 3608 449 3667 „fi
471 3601 540 3678 quid
581 3604 656 3659 lebat
676 3609 754 3679 quio,
784 3603 896 3657 [uadens
927 3621 1060 3675 pro.eo:

58 3717 123 3753 „-
143 3687 303 3745 eredibile.··
358 3692 435 3745 llaec
464 3690 539 3742 enirn
582 3706 774 3765 praeterquam,
790 3706 848 3741 non
862 3686 988 3761 prolecto
1004 3685 1063 3742 leni

59 3773 211 3835 tentantia,
232 3788 265 3828 ut
284 3772 355 3837 bene
376 3772 541 3827 demonstra·
582 3773 747 3828 mutatione.
801 3769 889 3828 Aldus
910 3789 963 3846 pro
982 3792 1062 3845 quae·

58 3858 542 3937 vitinterpungendoGeln,eriam·
582 3860 687 3922 rentur.
711 3875 760 3933 per
774 3873 923 3933 operarum
938 3874 1060 3911 errorem

58 3961 132 3999 num
168 3942 270 4019 pendet
299 3963 316 3996 a
346 3942 541 4016 conjunctione
583 3941 630 3996 det
643 3958 846 4017 quaerunturan
860 3940 1062 4001 ooulnitomou

59 4032 135 4106 qnia.
177 4024 338 4103 Verisimilr'o
358 4042 449 4081 autem
467 4025 542 4102 apud
584 4027 689 4091 dicam
712 4029 760 4080 etli
780 4026 815 4081 est
834 4024 1067 4099 inutraqueedi·

60 4130 111 4169 eor
132 4108 249 4185 quidem
268 4114 334 4187 ,qai
357 4114 385 4165 in
411 4106 482 4186 pers.
501 4138 543 4155 -
585 4111 671 4166 tione.
714 4108 767 4169 Sed
788 4110 877 4190 magia
897 4129 984 4189 prope
1004 4108 1063 4185 pla·

59 4190 331 4275 ..μυρίκης
348 4194 423 4273 opud
437 4208 543 4253 uterne
586 4208 630 4251 eet
642 4196 766 4273 praetem
782 4194 890 4252 lutum.
