2596 4710
319 352 441 422 uter.
468 353 676 455 onaron
702 357 793 427 ue.
818 353 893 439 111,
919 367 954 436 a·
1015 353 1128 442 efia

136 535 313 630 consilia,
341 566 461 618 nemo
477 541 533 616 est
555 544 627 640 qui
650 558 778 642 neget,
808 534 1027 617 secundum
1041 563 1129 616 mo·

134 677 197 727 res
215 654 309 728 dari.
371 659 610 734 Graecorum
631 658 794 756 quidem
817 655 985 757 plurimi
1008 671 1176 740 omnent
1263 720 1268 727 .

133 766 211 843 hoc
232 767 405 847 officium
423 773 653 851 concionale
676 769 750 848 elle
771 771 1064 863 judicaverunt,
1091 783 1130 843 et

131 884 175 957 in
210 880 290 960 sola
327 887 569 987 reipublicae
612 885 949 964 administratione
988 879 1131 985 posue·

131 1015 236 1073 runt.
303 1003 414 1104 Quin
437 1018 477 1076 et
498 1005 637 1079 Cicero
658 1004 702 1077 in
726 1003 799 1076 hac
822 1002 992 1077 maxime
1019 1012 1129 1098 parte
1199 1008 1204 1015 “

130 1111 317 1191 versatur.
383 1114 560 1217 Ideoque
587 1115 756 1193 suasuris
781 1119 830 1192 de
855 1141 973 1216 pace,
1018 1109 1128 1204 bello,

130 1233 259 1326 copiis,
289 1228 477 1328 operibus,
505 1229 772 1339 vectigalibus,
800 1233 896 1309 haec
917 1230 1002 1305 duo
1017 1253 1129 1329 prae-

130 1344 248 1442 cipue
269 1361 365 1423 nota
388 1343 461 1421 effe
481 1348 632 1436 voluit,
660 1350 766 1422 vires
781 1349 967 1435 civitatis,
995 1358 1036 1419 et
1048 1369 1129 1418 mo·
1254 1350 1257 1355 '

131 1483 211 1533 res:
247 1475 296 1536 ut
318 1485 366 1534 ex
388 1477 529 1536 natura
548 1487 642 1538 cum
659 1459 833 1563 ipsarum
851 1481 1008 1549 rerum,
1038 1473 1128 1533 tum

130 1573 394 1666 audientium,
423 1578 524 1654 ratio
544 1575 738 1655 suadendi
757 1576 980 1655 duceretur.
1035 1573 1174 1655 Noae

191 1803 322 1879 operibat.
363 1804 450 1862 Goth.
467 1821 496 1865 et
508 1805 584 1868 Vols.
598 1819 628 1863 a.
643 1805 739 1884 opilat
754 1824 819 1863 enm
832 1802 894 1862 edd.
909 1817 973 1860 ente
987 1801 1128 1859 Stoerianr

127 1884 199 1940 rneir
221 1889 369 1952 omnibue,
391 1906 503 1966 excepte
518 1891 582 1946 ild.
601 1906 728 1965 utreque.
770 1889 885 1947 Obstitit
900 1887 989 1946 codd.
1010 1885 1129 1942 auctori·

129 1984 180 2030 ret,
201 1987 259 2043 quo
274 1971 368 2027 minue
387 1971 446 2028 lior
464 1974 630 2048 reciperem,
651 1975 727 2047 quod
746 1973 852 2047 alioqui
873 1971 1015 2027 blanditur
1035 1969 1128 2024 conie-

129 2053 204 2107 renti
224 2052 318 2111 loeum
343 2057 566 2113 ciceronianum.
627 2059 730 2132 Neque
750 2058 827 2113 enim
849 2054 948 2111 dubito
970 2055 1040 2128 quin
1061 2071 1128 2109 eunt

128 2137 238 2212 ipsum,
263 2157 321 2213 quo
344 2141 470 2215 respiciat
490 2144 565 2215 Qu..
593 2140 838 2197 demonstraverim
859 2139 890 2194 in
911 2153 972 2195 not.
994 2156 1039 2192 ex.
1082 2134 1129 2191 lbi

128 2236 222 2275 eutem
243 2242 341 2297 opum,
365 2242 424 2279 non
442 2244 553 2298 operere
575 2226 691 2281 mentio.
746 2228 909 2298 Quanquam
934 2223 1022 2277 leteor
1042 2219 1127 2294 inspi-

127 2306 215 2360 cienti
229 2321 381 2382 utrumque
394 2323 421 2363 et
437 2309 579 2368 Ciceronie
598 2324 627 2364 et
642 2307 809 2384 Quintiliani
828 2306 923 2362 lotum
942 2302 1032 2360 multe
1047 2323 1128 2379 rppe-

127 2391 232 2453 eitun,
253 2408 324 2465 quee
340 2393 432 2448 minue
451 2394 630 2450 consentient.
671 2394 771 2467 Neque
789 2391 868 2446 enim
882 2388 982 2448 Gieero
999 2406 1042 2443 eee
1057 2389 1127 2463 ipsu

128 2482 171 2528 'ree
191 2477 310 2531 reeenlet
322 2481 472 2552 quaeQu,
493 2497 583 2552 neque
596 2493 734 2533 oratorem
749 2479 804 2550 jem
821 2475 856 2530 ‹le
869 2474 970 2530 iiedem
986 2462 1127 2530 [adurunt

127 2560 280 2635 praceeptie
296 2561 422 2624 irttlrait,
443 2561 521 2635 quoii
536 2560 731 2637 eQuintiliani
743 2558 837 2615 verbie
851 2557 973 2636 (rolliger,
991 2555 1036 2612 red
1051 2576 1126 2617 eurn.

126 2643 179 2715 qui
200 2642 349 2698 utilitatem
370 2646 514 2706 defendat,
537 2645 640 2700 herum
664 2644 794 2700 omnium
815 2642 960 2698 commoda
985 2658 1127 2696 enumera·

128 2740 226 2779 turum
248 2725 326 2781 dicit.
379 2730 454 2784 Cam
479 2745 570 2784 umen
591 2729 733 2786 cioerouie
753 2726 804 2783 ilio
823 2725 886 2782 loeo
905 2724 1034 2804 legentur
1056 2745 1127 2799 pax,
1188 2718 1195 2741 ¹

127 2808 282 2881 vectigalia,
303 2827 368 2863 eum
383 2810 491 2865 dieatm
507 2826 607 2885 „eepat
621 2811 681 2872 effe,
702 2811 777 2865 noffe
790 2810 997 2884 rempabiieem
1016 2807 1127 2879 (noster
1147 2814 1149 2821 ’

128 2903 212 2947 voert
231 2896 301 2947 vires
322 2895 457 2963 civitatis)
479 2908 525 2954 „et
546 2912 633 2951 morer
654 2897 805 2953 eivitatie,“
822 2891 873 2948 hee
892 2892 960 2967 iplee
982 2891 1127 2949 sententiae

130 2976 272 3031 ciceronio
289 2973 444 3031 obversata
460 2977 512 3032 effe
529 2977 610 3032 credo
624 2977 815 3052 Quintiliano,
835 2976 887 3050 qni
899 2991 990 3031 temen
1004 2975 1127 3030 teerrriue

129 3078 174 3115 eae
188 3061 297 3116 ailerret
307 3061 473 3122 ememorie,
487 3076 514 3115 et
528 3060 673 3136 pardulum
691 3062 852 3116 inverteret.
879 3060 985 3134 Opibus
999 3072 1027 3113 et
1041 3062 1128 3132 operi·

129 3145 180 3201 bus
202 3164 286 3218 quem
307 3143 403 3206 faule,
432 3142 480 3201 vel
494 3144 570 3199 allitt
592 3151 677 3215 (aem
690 3160 718 3200 et
734 3143 799 3199 atti
813 3144 914 3199 vitiole
927 3144 1048 3219 epperet'
1058 3160 1127 3197 mox

128 3228 212 3299 §26
233 3228 282 3285 ubi
297 3247 351 3304 pro
368 3234 445 3305 pium
456 3226 530 3285 Alm.
545 3244 574 3283 et
590 3229 686 3285 Turio.
707 3250 757 3304 per
771 3231 862 3300 vim),
881 3225 931 3283 vel
953 3228 1128 3282 evanescente

129 3313 233 3369 lineola
252 3314 284 3368 in
304 3314 438 3371 inforiore
451 3327 530 3391 perte
549 3310 648 3370 literne
662 3316 701 3377 P,
728 3311 804 3369 ultro
825 3313 951 3389 citroque
972 3324 1127 3374 mutentur.

130 3413 195 3453 nota
215 3415 260 3454 ree
283 3395 329 3454 etl.

167 3581 223 3660 see.
238 3602 331 3640 mores.
365 3588 453 3640 Prava
469 3604 484 3639 e
499 3584 611 3663 praeire
651 3582 739 3640 verba
762 3581 809 3637 hie
835 3578 940 3657 abique
965 3578 1052 3659 ponit¹
1074 3584 1128 3659 Qu.

134 3665 205 3723 bona
220 3664 338 3722 vieiffim
353 3689 367 3721 ι
380 3669 470 3726 bonit.
653 3669 698 3725 ted
714 3667 875 3724 memoriter
888 3668 981 3724 refert.
1000 3666 1060 3724 vid.
1068 3681 1127 3723 not.

177 3750 492 3810 Grae-concionale.
508 3753 612 3809 cinot-
654 3752 725 3811 Crit.
768 3749 900 3823 Ejuedem
924 3750 992 3806 libri
1015 3770 1038 3807 e.
1063 3752 1129 3814 ιθ..

134 3836 168 3890 etl
186 3849 213 3903 5.
230 3830 265 3908 ‘42
288 3856 315 3894 r.
343 3839 417 3912 Apte
430 3836 613 3895 Rollinueoi·
652 3835 730 3912 quod
744 3833 1131 3911 eertatimrelprrteevoemt

135 3918 394 3981 uterinaelthet.
414 3942 439 3983 ι.
461 3940 484 3977 e.
500 3932 530 3994 8.
653 3919 684 3977 h.
704 3919 725 3975 l.
746 3920 926 3994 interpretes,
954 3919 1131 3976 deliberativi

178 4004 278 4062 Cicero.
319 4004 365 4061 De
389 4005 467 4063 Orat.
490 4020 527 4068 ι,
562 4014 612 4077 8¹·
652 4004 763 4085 generie
778 4003 887 4059 nonnil
900 4002 1065 4083 generalem,
1079 4003 1131 4057 rui·¹

135 4101 206 4144 extr.
236 4102 264 4144 et
291 4086 401 4145 duobae
433 4091 505 4165 seqq.
535 4108 613 4166 eepp.
653 4090 762 4164 riuique
783 4086 945 4170 diligente·
959 4086 1043 4147 hebet
1057 4092 1133 4143 ruer·

133 4173 235 4249 Neque
262 4187 357 4231 temen
385 4172 444 4252 ipse
469 4173 614 4236 ciceroale
654 4172 772 4242 tionem.
