2596 4710
152 310 250 361 xcvi
475 290 813 361 PRAEFATIO.

151 452 321 556 sestiora.
392 475 525 555 Restat
548 495 595 556 ut
620 476 671 554 de
697 478 803 555 libro
829 478 1035 555 Turicenii
1060 506 1157 581 pro·

152 613 278 691 ‹iitaa
302 615 361 692 cl.
378 606 641 715 Sulzbergero
665 616 958 691 communicem
981 641 1073 691 curn
1098 617 1157 689 le·

73 766 78 773 '
153 767 272 827 ctore.
330 754 498 845 „Hujus
530 751 603 848 qui
624 751 666 824 in
691 749 930 825 bibliotheca
949 749 1157 825 Turicensr

122 965 124 968 ,
149 885 372 984 ‚servatum
398 883 547 962 codicis
567 884 781 960 dominum
803 884 1018 985 aliquando
1041 884 1157 962 fuisse

150 1018 411 1111 „Monasterii
426 1018 683 1119 sangallensis
707 1019 917 1107 Abbatem,
949 1039 1111 1122 apparet
1132 1047 1157 1097 e

148 1155 350 1247 „duabus,
398 1154 502 1255 quae
530 1130 576 1227 in
602 1154 744 1226 ultima
774 1155 918 1253 pagina
952 1157 1156 1256 leguntur,

147 1287 519 1391 „inscriptionibus,
576 1274 728 1361 librum
767 1287 878 1363 hunc
913 1291 1155 1373 monasterio

146 1422 238 1517 „isti
258 1422 568 1499 vindicantibus.
623 1421 759 1497 Illatus
778 1437 910 1498 autem
926 1423 981 1498 est
1002 1429 1046 1501 in
1061 1430 1156 1526 plu-

148 1575 259 1651 „teos
295 1554 530 1635 Turicenses
565 1557 733 1631 ineunte
759 1557 857 1647 hoc,
906 1559 1018 1659 quod
1047 1564 1155 1638 vivi·

148 1719 265 1786 „mus
287 1692 431 1770 seculo.
490 1690 636 1781 Pelles,
678 1692 827 1791 quibus
850 1692 905 1768 est
930 1693 1153 1796 inscriptus,

147 1831 337 1921 „viliores
360 1825 473 1916 sunt,
518 1850 652 1927 neque
681 1828 856 1928 integrae
882 1855 955 1903 nec
980 1832 1152 1932 diligen·

146 1980 233 2057 „ter
254 1963 359 2039 rasae
366 1991 377 2054 ;
419 1960 572 2039 formae
604 1980 803 2064 praeterea
829 1965 1036 2043 literarum
1067 1997 1153 2045 ma·

146 2100 386 2201 „gnitudine
426 2100 532 2174 inter
569 2094 610 2171 se
647 2100 818 2174 maxime
864 2098 1149 2201 discrepantes3

145 2249 278 2326 „tanta
316 2260 481 2335 quoque
513 2224 713 2310 corrector
739 2234 786 2307 in
817 2234 927 2310 hunc
946 2198 1150 2316 ⁰Codicem

144 2371 330 2461 „licentia
350 2368 446 2445 usus
467 2368 542 2458 est,
581 2383 629 2443 ut
650 2368 777 2444 literis
802 2371 935 2446 verbis
967 2375 1151 2475 integris.

144 2532 251 2606 „que
276 2502 479 2580 sententiis
503 2505 633 2579 textui
656 2502 926 2607 superscriptis
944 2507 1150 2609 insigniter

143 2666 264 2732 „eum
289 2639 540 2720 deformaret.
603 2644 700 2735 Ejus
724 2664 822 2715 vero
853 2642 1034 2718 licentiae
1058 2647 1150 2746 quis

141 2778 231 2867 „ilii
257 2779 417 2855 veniam
438 2793 577 2877 neget,
611 2777 684 2874 qui
706 2773 857 2852 viderit
880 2783 993 2872 cujus
1020 2782 1148 2856 mole-

141 2910 279 3002 „stiae,
306 2913 527 3013 quantique
554 2909 676 2985 taedii
708 2909 833 2988 fuerit
861 2914 995 3004 labor,
1023 2941 1148 3015 quem

140 3048 320 3138 „invitus
349 3043 654 3151 aggredijuffus
678 3044 759 3122 est?
803 3054 934 3155 Quem
955 3076 1041 3127 non
1068 3054 1145 3126 rni-

140 3181 287 3277 „sereat
315 3183 415 3259 boni
441 3183 552 3257 illius
576 3183 675 3271 viri,
725 3186 798 3284 qui
826 3199 1044 3286 temperare
1071 3184 1145 3262 fibi

138 3346 249 3410 „non
265 3322 420 3420 potuit,
455 3321 557 3420 quin
579 3320 760 3395 animum
779 3336 909 3395 tantae
929 3345 1145 3397 aerumnae

137 3457 435 3555 „impatientem
456 3454 619 3532 duobus
646 3450 771 3545 bisce,
801 3482 902 3556 quos
926 3459 1054 3532 textui
1076 3456 1146 3535 su·

136 3580 399 3691 „perscripsrt,
449 3588 627 3665 versibus
675 3590 923 3691 aliquatenus
969 3592 1141 3671 levaret:

135 3730 294 3814 „‚,Tanr
315 3727 417 3799 male
446 3722 675 3814 scribenti,“
728 3727 864 3824 inquit
891 3725 979 3813 ille,
1033 3742 1141 3815 „tam

134 3914 159 3950 ‚,
169 3858 368 3962 „denique
399 3858 607 3961 desipienti
627 3860 786 3960 Absque
815 3863 1029 3961 exemplari
1049 3862 1138 3942 sru-

131 3994 265 4087 „‚,stra
290 4022 413 4101 cogor
433 3995 659 4075 medicum
713 4000 773 4074 Ex
795 3997 950 4099 ingenti
972 4001 1138 4077 menda·
