<?xml version="1.0" encoding="UTF-8"?>
<!DOCTYPE html PUBLIC "-//W3C//DTD XHTML 1.0 Transitional//EN"
    "http://www.w3.org/TR/xhtml1/DTD/xhtml1-transitional.dtd">
<html xmlns="http://www.w3.org/1999/xhtml" xml:lang="en" lang="en">
 <head>
  <title>
</title>
<meta http-equiv="Content-Type" content="text/html;charset=utf-8" />
  <meta name='ocr-system' content='tesseract 3.04.00' />
  <meta name='ocr-capabilities' content='ocr_page ocr_carea ocr_par ocr_line ocrx_word'/>
</head>
<body>
  <div class='ocr_page' id='page_1' title='image "./deinstitutioneo07quingoog_0094.png"; bbox 0 0 3158 4802; ppageno 0'>
   <div class='ocr_carea' id='block_1_1' title="bbox 354 362 1299 464">
    <p class='ocr_par' dir='ltr' id='par_1_1' title="bbox 354 362 1299 464">
     <span class='ocr_line' id='line_1_1' title="bbox 354 362 1299 464; baseline 0.012 -32"><span class='ocrx_word' id='word_1_1' title='bbox 354 364 478 432; x_wconf 75' lang='lat' dir='ltr'>rnsr.</span> <span class='ocrx_word' id='word_1_2' title='bbox 506 363 647 432; x_wconf 74' lang='lat' dir='ltr'>onir.</span> <span class='ocrx_word' id='word_1_3' title='bbox 674 362 990 438; x_wconf 75' lang='lat' dir='ltr'>rnooniucn.</span> <span class='ocrx_word' id='word_1_4' title='bbox 1150 391 1174 464; x_wconf 75' lang='lat'><strong>9</strong></span> <span class='ocrx_word' id='word_1_5' title='bbox 1297 429 1299 443; x_wconf 84' lang='lat'>.</span> 
     </span>
    </p>
   </div>
   <div class='ocr_carea' id='block_1_2' title="bbox 165 551 1207 2956">
    <p class='ocr_par' dir='ltr' id='par_1_2' title="bbox 165 551 1207 2956">
     <span class='ocr_line' id='line_1_2' title="bbox 170 551 1174 657; baseline 0.005 -28"><span class='ocrx_word' id='word_1_6' title='bbox 170 571 279 629; x_wconf 82' lang='lat' dir='ltr'>rent:</span> <span class='ocrx_word' id='word_1_7' title='bbox 310 551 390 626; x_wconf 80' lang='lat' dir='ltr'>sive</span> <span class='ocrx_word' id='word_1_8' title='bbox 407 565 701 628; x_wconf 85' lang='lat' dir='ltr'>contemnentes</span> <span class='ocrx_word' id='word_1_9' title='bbox 712 569 900 654; x_wconf 85' lang='lat' dir='ltr'>tanquam</span> <span class='ocrx_word' id='word_1_10' title='bbox 913 581 1044 656; x_wconf 83' lang='lat' dir='ltr'>parva,</span> <span class='ocrx_word' id='word_1_11' title='bbox 1070 581 1174 657; x_wconf 81' lang='lat' dir='ltr'>quae</span> 
     </span>
     <span class='ocr_line' id='line_1_3' title="bbox 175 664 1173 771; baseline 0.004 -29"><span class='ocrx_word' id='word_1_12' title='bbox 175 671 288 768; x_wconf 85' lang='lat' dir='ltr'>prius</span> <span class='ocrx_word' id='word_1_13' title='bbox 304 665 501 753; x_wconf 74' lang='lat' dir='ltr'>discimus,</span> <span class='ocrx_word' id='word_1_14' title='bbox 518 664 663 742; x_wconf 81' lang='lat' dir='ltr'>studia:</span> <span class='ocrx_word' id='word_1_15' title='bbox 696 667 776 744; x_wconf 85' lang='lat' dir='ltr'>five</span> <span class='ocrx_word' id='word_1_16' title='bbox 791 696 878 746; x_wconf 91' lang='lat' dir='ltr'>non</span> <span class='ocrx_word' id='word_1_17' title='bbox 892 670 942 745; x_wconf 87' lang='lat' dir='ltr'>ad</span> <span class='ocrx_word' id='word_1_18' title='bbox 958 668 1075 746; x_wconf 86' lang='lat' dir='ltr'>suum</span> <span class='ocrx_word' id='word_1_19' title='bbox 1083 697 1173 771; x_wconf 84' lang='lat' dir='ltr'>per·</span> 
     </span>
     <span class='ocr_line' id='line_1_4' title="bbox 175 779 1177 886; baseline 0.006 -28"><span class='ocrx_word' id='word_1_20' title='bbox 175 787 303 858; x_wconf 81' lang='lat' dir='ltr'>tinere</span> <span class='ocrx_word' id='word_1_21' title='bbox 325 779 501 856; x_wconf 88' lang='lat' dir='ltr'>officium</span> <span class='ocrx_word' id='word_1_22' title='bbox 523 784 697 880; x_wconf 86' lang='lat' dir='ltr'>opinati,</span> <span class='ocrx_word' id='word_1_23' title='bbox 734 784 894 882; x_wconf 86' lang='lat' dir='ltr'>quando</span> <span class='ocrx_word' id='word_1_24' title='bbox 920 779 1066 860; x_wconf 79' lang='lat' dir='ltr'>divisae</span> <span class='ocrx_word' id='word_1_25' title='bbox 1083 813 1177 886; x_wconf 90' lang='lat' dir='ltr'>pro-</span> 
     </span>
     <span class='ocr_line' id='line_1_5' title="bbox 173 893 1177 1000; baseline 0.005 -28"><span class='ocrx_word' id='word_1_26' title='bbox 173 895 383 974; x_wconf 80' lang='lat' dir='ltr'>seffionum</span> <span class='ocrx_word' id='word_1_27' title='bbox 401 897 507 970; x_wconf 79' lang='lat' dir='ltr'>vices</span> <span class='ocrx_word' id='word_1_28' title='bbox 529 893 666 986; x_wconf 83' lang='lat' dir='ltr'>essent3</span> <span class='ocrx_word' id='word_1_29' title='bbox 694 895 784 986; x_wconf 86' lang='lat' dir='ltr'>seu,</span> <span class='ocrx_word' id='word_1_30' title='bbox 814 898 925 998; x_wconf 92' lang='lat' dir='ltr'>quod</span> <span class='ocrx_word' id='word_1_31' title='bbox 947 904 1177 1000; x_wconf 83' lang='lat' dir='ltr'>proximum</span> 
     </span>
     <span class='ocr_line' id='line_1_6' title="bbox 174 1009 1177 1114; baseline 0.002 -28"><span class='ocrx_word' id='word_1_32' title='bbox 174 1038 296 1100; x_wconf 78' lang='lat' dir='ltr'>vero,</span> <span class='ocrx_word' id='word_1_33' title='bbox 332 1011 484 1085; x_wconf 88' lang='lat' dir='ltr'>nullam</span> <span class='ocrx_word' id='word_1_34' title='bbox 501 1013 653 1110; x_wconf 83' lang='lat' dir='ltr'>ingenii</span> <span class='ocrx_word' id='word_1_35' title='bbox 679 1009 874 1112; x_wconf 84' lang='lat' dir='ltr'>sperantes</span> <span class='ocrx_word' id='word_1_36' title='bbox 890 1018 1052 1114; x_wconf 86' lang='lat' dir='ltr'><strong>gratiam</strong></span> <span class='ocrx_word' id='word_1_37' title='bbox 1076 1019 1177 1090; x_wconf 87' lang='lat' dir='ltr'>circa</span> 
     </span>
     <span class='ocr_line' id='line_1_7' title="bbox 170 1123 1179 1227; baseline -0.003 -22"><span class='ocrx_word' id='word_1_38' title='bbox 170 1153 252 1212; x_wconf 77' lang='lat' dir='ltr'>reS,</span> <span class='ocrx_word' id='word_1_39' title='bbox 272 1124 418 1200; x_wconf 80' lang='lat' dir='ltr'>etiarnsi</span> <span class='ocrx_word' id='word_1_40' title='bbox 433 1123 668 1215; x_wconf 82' lang='lat' dir='ltr'>necessarias,</span> <span class='ocrx_word' id='word_1_41' title='bbox 686 1129 829 1227; x_wconf 87' lang='lat' dir='ltr'>procul</span> <span class='ocrx_word' id='word_1_42' title='bbox 846 1143 977 1218; x_wconf 81' lang='lat' dir='ltr'>tamen</span> <span class='ocrx_word' id='word_1_43' title='bbox 993 1132 1040 1220; x_wconf 77' lang='lat' dir='ltr'>ab</span> <span class='ocrx_word' id='word_1_44' title='bbox 1051 1130 1179 1216; x_wconf 86' lang='lat' dir='ltr'>osten·</span> 
     </span>
     <span class='ocr_line' id='line_1_8' title="bbox 167 1237 1178 1344; baseline 0.004 -32"><span class='ocrx_word' id='word_1_45' title='bbox 167 1244 326 1322; x_wconf 70' lang='lat' dir='ltr'>tatione</span> <span class='ocrx_word' id='word_1_46' title='bbox 347 1237 506 1341; x_wconf 78' lang='lat' dir='ltr'>positas:</span> <span class='ocrx_word' id='word_1_47' title='bbox 534 1258 581 1316; x_wconf 90' lang='lat' dir='ltr'>ut</span> <span class='ocrx_word' id='word_1_48' title='bbox 602 1267 770 1340; x_wconf 89' lang='lat' dir='ltr'>operum</span> <span class='ocrx_word' id='word_1_49' title='bbox 782 1241 933 1344; x_wconf 86' lang='lat' dir='ltr'>fastigia</span> <span class='ocrx_word' id='word_1_50' title='bbox 944 1242 1178 1342; x_wconf 85' lang='lat' dir='ltr'>spectantur,</span> 
     </span>
     <span class='ocr_line' id='line_1_9' title="bbox 167 1354 1204 1458; baseline -0.003 -23"><span class='ocrx_word' id='word_1_51' title='bbox 167 1362 298 1435; x_wconf 84' lang='lat' dir='ltr'>latent</span> <span class='ocrx_word' id='word_1_52' title='bbox 319 1354 588 1431; x_wconf 83' lang='lat' dir='ltr'>fundamenta.</span> <span class='ocrx_word' id='word_1_53' title='bbox 652 1363 756 1458; x_wconf 78' lang='lat' dir='ltr'><strong>Ego,</strong></span> <span class='ocrx_word' id='word_1_54' title='bbox 793 1384 885 1433; x_wconf 88' lang='lat' dir='ltr'>cum</span> <span class='ocrx_word' id='word_1_55' title='bbox 914 1359 1018 1434; x_wconf 89' lang='lat' dir='ltr'>nihil</span> <span class='ocrx_word' id='word_1_56' title='bbox 1046 1357 1204 1434; x_wconf 79' lang='lat' dir='ltr'>existi-5</span> 
     </span>
     <span class='ocr_line' id='line_1_10' title="bbox 173 1472 1179 1573; baseline -0.003 -23"><span class='ocrx_word' id='word_1_57' title='bbox 173 1499 284 1550; x_wconf 88' lang='lat' dir='ltr'>mern</span> <span class='ocrx_word' id='word_1_58' title='bbox 309 1474 381 1546; x_wconf 87' lang='lat' dir='ltr'>arti</span> <span class='ocrx_word' id='word_1_59' title='bbox 408 1474 599 1546; x_wconf 85' lang='lat' dir='ltr'>oratoriae</span> <span class='ocrx_word' id='word_1_60' title='bbox 629 1473 827 1562; x_wconf 86' lang='lat' dir='ltr'>alienum,</span> <span class='ocrx_word' id='word_1_61' title='bbox 864 1472 946 1548; x_wconf 82' lang='lat' dir='ltr'>fine</span> <span class='ocrx_word' id='word_1_62' title='bbox 976 1500 1058 1573; x_wconf 90' lang='lat' dir='ltr'>quo</span> <span class='ocrx_word' id='word_1_63' title='bbox 1091 1472 1179 1549; x_wconf 85' lang='lat' dir='ltr'>fieri</span> 
     </span>
     <span class='ocr_line' id='line_1_11' title="bbox 174 1583 1180 1686; baseline 0.002 -22"><span class='ocrx_word' id='word_1_64' title='bbox 174 1602 374 1664; x_wconf 88' lang='lat' dir='ltr'>oratorem</span> <span class='ocrx_word' id='word_1_65' title='bbox 397 1611 481 1662; x_wconf 90' lang='lat' dir='ltr'>non</span> <span class='ocrx_word' id='word_1_66' title='bbox 502 1583 606 1686; x_wconf 83' lang='lat' dir='ltr'>posse</span> <span class='ocrx_word' id='word_1_67' title='bbox 625 1585 831 1662; x_wconf 84' lang='lat' dir='ltr'>fatendum</span> <span class='ocrx_word' id='word_1_68' title='bbox 849 1587 922 1678; x_wconf 89' lang='lat' dir='ltr'>est,</span> <span class='ocrx_word' id='word_1_69' title='bbox 951 1615 1024 1664; x_wconf 88' lang='lat' dir='ltr'>nec</span> <span class='ocrx_word' id='word_1_70' title='bbox 1050 1588 1098 1663; x_wconf 87' lang='lat' dir='ltr'>ad</span> <span class='ocrx_word' id='word_1_71' title='bbox 1116 1589 1180 1666; x_wconf 89' lang='lat' dir='ltr'>ul-</span> 
     </span>
     <span class='ocr_line' id='line_1_12' title="bbox 172 1700 1179 1802; baseline 0.003 -24"><span class='ocrx_word' id='word_1_72' title='bbox 172 1705 255 1778; x_wconf 86' lang='lat' dir='ltr'>lius</span> <span class='ocrx_word' id='word_1_73' title='bbox 274 1705 332 1778; x_wconf 89' lang='lat' dir='ltr'>rei</span> <span class='ocrx_word' id='word_1_74' title='bbox 349 1700 564 1790; x_wconf 84' lang='lat' dir='ltr'>summam,</span> <span class='ocrx_word' id='word_1_75' title='bbox 593 1701 665 1776; x_wconf 76' lang='lat' dir='ltr'>nisi</span> <span class='ocrx_word' id='word_1_76' title='bbox 687 1703 1012 1802; x_wconf 84' lang='lat' dir='ltr'>praecedentibus</span> <span class='ocrx_word' id='word_1_77' title='bbox 1039 1706 1179 1794; x_wconf 80' lang='lat' dir='ltr'>initiis,</span> 
     </span>
     <span class='ocr_line' id='line_1_13' title="bbox 172 1816 1181 1920; baseline 0.002 -28"><span class='ocrx_word' id='word_1_78' title='bbox 172 1820 399 1920; x_wconf 87' lang='lat' dir='ltr'>perveni1·i;</span> <span class='ocrx_word' id='word_1_79' title='bbox 428 1817 475 1892; x_wconf 91' lang='lat' dir='ltr'>ad</span> <span class='ocrx_word' id='word_1_80' title='bbox 499 1820 656 1894; x_wconf 88' lang='lat' dir='ltr'>minora</span> <span class='ocrx_word' id='word_1_81' title='bbox 669 1819 757 1907; x_wconf 83' lang='lat' dir='ltr'>illa,</span> <span class='ocrx_word' id='word_1_82' title='bbox 783 1816 862 1908; x_wconf 88' lang='lat' dir='ltr'>sed,</span> <span class='ocrx_word' id='word_1_83' title='bbox 892 1846 992 1920; x_wconf 89' lang='lat' dir='ltr'>quae</span> <span class='ocrx_word' id='word_1_84' title='bbox 1009 1819 1036 1894; x_wconf 81' lang='lat' dir='ltr'>si</span> <span class='ocrx_word' id='word_1_85' title='bbox 1055 1822 1181 1920; x_wconf 85' lang='lat' dir='ltr'>negli-</span> 
     </span>
     <span class='ocr_line' id='line_1_14' title="bbox 173 1931 1181 2034; baseline 0.003 -29"><span class='ocrx_word' id='word_1_86' title='bbox 173 1960 261 2034; x_wconf 86' lang='lat' dir='ltr'>gas,</span> <span class='ocrx_word' id='word_1_87' title='bbox 288 1959 374 2008; x_wconf 92' lang='lat' dir='ltr'>non</span> <span class='ocrx_word' id='word_1_88' title='bbox 403 1931 449 2007; x_wconf 83' lang='lat' dir='ltr'>sit</span> <span class='ocrx_word' id='word_1_89' title='bbox 478 1935 695 2028; x_wconf 85' lang='lat' dir='ltr'>majoribus</span> <span class='ocrx_word' id='word_1_90' title='bbox 720 1935 850 2024; x_wconf 90' lang='lat' dir='ltr'>locus,</span> <span class='ocrx_word' id='word_1_91' title='bbox 885 1936 1091 2010; x_wconf 82' lang='lat' dir='ltr'><strong>demittere</strong></span> <span class='ocrx_word' id='word_1_92' title='bbox 1116 1961 1181 2009; x_wconf 90' lang='lat' dir='ltr'>me</span> 
     </span>
     <span class='ocr_line' id='line_1_15' title="bbox 173 2045 1184 2148; baseline -0.002 -24"><span class='ocrx_word' id='word_1_93' title='bbox 173 2075 262 2124; x_wconf 90' lang='lat' dir='ltr'>non</span> <span class='ocrx_word' id='word_1_94' title='bbox 283 2045 493 2122; x_wconf 83' lang='lat' dir='ltr'>recusabo:</span> <span class='ocrx_word' id='word_1_95' title='bbox 523 2075 595 2122; x_wconf 92' lang='lat' dir='ltr'>nec</span> <span class='ocrx_word' id='word_1_96' title='bbox 621 2051 752 2137; x_wconf 85' lang='lat' dir='ltr'>aliter,</span> <span class='ocrx_word' id='word_1_97' title='bbox 783 2076 903 2148; x_wconf 84' lang='lat' dir='ltr'>quam</span> <span class='ocrx_word' id='word_1_98' title='bbox 928 2049 956 2124; x_wconf 85' lang='lat' dir='ltr'>si</span> <span class='ocrx_word' id='word_1_99' title='bbox 979 2051 1081 2126; x_wconf 88' lang='lat' dir='ltr'>mihi</span> <span class='ocrx_word' id='word_1_100' title='bbox 1105 2068 1184 2124; x_wconf 88' lang='lat' dir='ltr'>tra·</span> 
     </span>
     <span class='ocr_line' id='line_1_16' title="bbox 173 2161 1182 2258; baseline 0.002 -22"><span class='ocrx_word' id='word_1_101' title='bbox 173 2163 296 2240; x_wconf 86' lang='lat' dir='ltr'>datur</span> <span class='ocrx_word' id='word_1_102' title='bbox 317 2162 545 2238; x_wconf 83' lang='lat' dir='ltr'>educandus</span> <span class='ocrx_word' id='word_1_103' title='bbox 565 2180 717 2254; x_wconf 84' lang='lat' dir='ltr'>orator,</span> <span class='ocrx_word' id='word_1_104' title='bbox 745 2161 873 2240; x_wconf 86' lang='lat' dir='ltr'>studia</span> <span class='ocrx_word' id='word_1_105' title='bbox 897 2171 982 2258; x_wconf 86' lang='lat' dir='ltr'>ejus</span> <span class='ocrx_word' id='word_1_106' title='bbox 1009 2164 1182 2242; x_wconf 85' lang='lat' dir='ltr'>formare</span> 
     </span>
     <span class='ocr_line' id='line_1_17' title="bbox 174 2275 1207 2386; baseline 0.003 -35"><span class='ocrx_word' id='word_1_107' title='bbox 174 2280 225 2351; x_wconf 80' lang='lat' dir='ltr'>ab</span> <span class='ocrx_word' id='word_1_108' title='bbox 242 2275 412 2354; x_wconf 83' lang='lat' dir='ltr'>infantia</span> <span class='ocrx_word' id='word_1_109' title='bbox 435 2279 642 2378; x_wconf 83' lang='lat' dir='ltr'>incipiam.¹</span> <span class='ocrx_word' id='word_1_110' title='bbox 694 2279 815 2386; x_wconf 79' lang='lat' dir='ltr'>Quod</span> <span class='ocrx_word' id='word_1_111' title='bbox 841 2306 961 2380; x_wconf 83' lang='lat' dir='ltr'>opus,</span> <span class='ocrx_word' id='word_1_112' title='bbox 991 2280 1207 2356; x_wconf 85' lang='lat' dir='ltr'>Marcelle6</span> 
     </span>
     <span class='ocr_line' id='line_1_18' title="bbox 172 2393 1181 2495; baseline 0 -25"><span class='ocrx_word' id='word_1_113' title='bbox 172 2394 351 2482; x_wconf 86' lang='lat' dir='ltr'>Victori,</span> <span class='ocrx_word' id='word_1_114' title='bbox 381 2395 455 2468; x_wconf 87' lang='lat' dir='ltr'>tibi</span> <span class='ocrx_word' id='word_1_115' title='bbox 484 2393 679 2470; x_wconf 83' lang='lat' dir='ltr'>dicamus:</span> <span class='ocrx_word' id='word_1_116' title='bbox 711 2421 853 2495; x_wconf 87' lang='lat' dir='ltr'>quem,</span> <span class='ocrx_word' id='word_1_117' title='bbox 885 2422 978 2470; x_wconf 84' lang='lat' dir='ltr'>curn</span> <span class='ocrx_word' id='word_1_118' title='bbox 1008 2393 1181 2470; x_wconf 82' lang='lat' dir='ltr'>amicissi-</span> 
     </span>
     <span class='ocr_line' id='line_1_19' title="bbox 169 2509 1182 2586; baseline -0.002 0"><span class='ocrx_word' id='word_1_119' title='bbox 169 2537 290 2586; x_wconf 87' lang='lat' dir='ltr'>mum</span> <span class='ocrx_word' id='word_1_120' title='bbox 323 2511 443 2586; x_wconf 90' lang='lat' dir='ltr'>nobis</span> <span class='ocrx_word' id='word_1_121' title='bbox 474 2525 561 2584; x_wconf 86' lang='lat' dir='ltr'>tum</span> <span class='ocrx_word' id='word_1_122' title='bbox 587 2512 733 2586; x_wconf 81' lang='lat' dir='ltr'>eximio</span> <span class='ocrx_word' id='word_1_123' title='bbox 747 2513 953 2586; x_wconf 84' lang='lat' dir='ltr'>literarum</span> <span class='ocrx_word' id='word_1_124' title='bbox 967 2536 1100 2586; x_wconf 84' lang='lat' dir='ltr'>amore</span> <span class='ocrx_word' id='word_1_125' title='bbox 1113 2509 1182 2584; x_wconf 82' lang='lat' dir='ltr'>sia-</span> 
     </span>
     <span class='ocr_line' id='line_1_20' title="bbox 167 2625 1181 2727; baseline -0.001 -26"><span class='ocrx_word' id='word_1_126' title='bbox 167 2642 370 2727; x_wconf 69' lang='lat' dir='ltr'>gramm,</span> <span class='ocrx_word' id='word_1_127' title='bbox 398 2651 482 2699; x_wconf 89' lang='lat' dir='ltr'>non</span> <span class='ocrx_word' id='word_1_128' title='bbox 499 2641 662 2724; x_wconf 87' lang='lat' dir='ltr'>propter</span> <span class='ocrx_word' id='word_1_129' title='bbox 678 2627 775 2699; x_wconf 85' lang='lat' dir='ltr'>haec</span> <span class='ocrx_word' id='word_1_130' title='bbox 793 2625 917 2703; x_wconf 89' lang='lat' dir='ltr'>modo</span> <span class='ocrx_word' id='word_1_131' title='bbox 933 2629 1181 2724; x_wconf 86' lang='lat' dir='ltr'>(quanquam</span> 
     </span>
     <span class='ocr_line' id='line_1_21' title="bbox 165 2739 1181 2844; baseline -0.004 -26"><span class='ocrx_word' id='word_1_132' title='bbox 165 2743 263 2844; x_wconf 76' lang='lat' dir='ltr'>sunt</span> <span class='ocrx_word' id='word_1_133' title='bbox 271 2744 437 2838; x_wconf 83' lang='lat' dir='ltr'>magna)</span> <span class='ocrx_word' id='word_1_134' title='bbox 456 2739 721 2838; x_wconf 82' lang='lat' dir='ltr'>dignissimum</span> <span class='ocrx_word' id='word_1_135' title='bbox 730 2740 809 2816; x_wconf 89' lang='lat' dir='ltr'>hoc</span> <span class='ocrx_word' id='word_1_136' title='bbox 820 2756 982 2815; x_wconf 86' lang='lat' dir='ltr'>mutuae</span> <span class='ocrx_word' id='word_1_137' title='bbox 992 2742 1095 2814; x_wconf 89' lang='lat' dir='ltr'>inter</span> <span class='ocrx_word' id='word_1_138' title='bbox 1105 2763 1181 2814; x_wconf 81' lang='lat' dir='ltr'>nos</span> 
     </span>
     <span class='ocr_line' id='line_1_22' title="bbox 168 2853 1181 2956; baseline -0.004 -22"><span class='ocrx_word' id='word_1_139' title='bbox 168 2860 349 2934; x_wconf 82' lang='lat' dir='ltr'>caritatis</span> <span class='ocrx_word' id='word_1_140' title='bbox 363 2857 532 2956; x_wconf 86' lang='lat' dir='ltr'>pignore</span> <span class='ocrx_word' id='word_1_141' title='bbox 549 2854 841 2948; x_wconf 79' lang='lat' dir='ltr'>judicabamus3</span> <span class='ocrx_word' id='word_1_142' title='bbox 874 2853 942 2930; x_wconf 87' lang='lat' dir='ltr'>sed</span> <span class='ocrx_word' id='word_1_143' title='bbox 964 2854 1077 2956; x_wconf 91' lang='lat' dir='ltr'>quod</span> <span class='ocrx_word' id='word_1_144' title='bbox 1089 2880 1181 2930; x_wconf 88' lang='lat' dir='ltr'>eru·</span> 
     </span>
    </p>
   </div>
   <div class='ocr_carea' id='block_1_3' title="bbox 168 3101 1187 3951">
    <p class='ocr_par' dir='ltr' id='par_1_3' title="bbox 168 3101 1185 3688">
     <span class='ocr_line' id='line_1_23' title="bbox 170 3101 1181 3180; baseline -0.013 -9"><span class='ocrx_word' id='word_1_145' title='bbox 170 3113 331 3171; x_wconf 78' lang='lat' dir='ltr'>Gesnenun</span> <span class='ocrx_word' id='word_1_146' title='bbox 356 3120 468 3180; x_wconf 79' lang='lat' dir='ltr'>recepta</span> <span class='ocrx_word' id='word_1_147' title='bbox 493 3119 563 3166; x_wconf 78' lang='lat' dir='ltr'>erat,</span> <span class='ocrx_word' id='word_1_148' title='bbox 584 3102 682 3160; x_wconf 83' lang='lat' dir='ltr'>lectio:</span> <span class='ocrx_word' id='word_1_149' title='bbox 706 3101 838 3178; x_wconf 82' lang='lat' dir='ltr'>summam</span> <span class='ocrx_word' id='word_1_150' title='bbox 860 3106 1050 3180; x_wconf 67' lang='lat' dir='ltr'>ineloquentia</span> <span class='ocrx_word' id='word_1_151' title='bbox 1066 3124 1181 3160; x_wconf 80' lang='lat' dir='ltr'>manum.</span> 
     </span>
     <span class='ocr_line' id='line_1_24' title="bbox 168 3179 1183 3264; baseline -0.007 -16"><span class='ocrx_word' id='word_1_152' title='bbox 168 3199 273 3255; x_wconf 79' lang='lat' dir='ltr'>Editio</span> <span class='ocrx_word' id='word_1_153' title='bbox 288 3196 408 3252; x_wconf 79' lang='lat' dir='ltr'>Veneta,</span> <span class='ocrx_word' id='word_1_154' title='bbox 433 3188 505 3264; x_wconf 79' lang='lat' dir='ltr'>apud</span> <span class='ocrx_word' id='word_1_155' title='bbox 524 3192 575 3244; x_wconf 82' lang='lat' dir='ltr'>Ge.</span> <span class='ocrx_word' id='word_1_156' title='bbox 590 3187 624 3242; x_wconf 83' lang='lat' dir='ltr'>de</span> <span class='ocrx_word' id='word_1_157' title='bbox 648 3189 819 3244; x_wconf 79' lang='lat' dir='ltr'>Rusconibur</span> <span class='ocrx_word' id='word_1_158' title='bbox 841 3203 927 3258; x_wconf 75' lang='lat'>1512,</span> <span class='ocrx_word' id='word_1_159' title='bbox 951 3190 1052 3244; x_wconf 76' lang='lat' dir='ltr'>miram</span> <span class='ocrx_word' id='word_1_160' title='bbox 1069 3179 1183 3242; x_wconf 74' lang='lat' dir='ltr'>lxhibet</span> 
     </span>
     <span class='ocr_line' id='line_1_25' title="bbox 169 3273 1184 3350; baseline -0.014 -12"><span class='ocrx_word' id='word_1_161' title='bbox 169 3283 229 3338; x_wconf 85' lang='lat' dir='ltr'>loci</span> <span class='ocrx_word' id='word_1_162' title='bbox 246 3277 477 3338; x_wconf 82' lang='lat' dir='ltr'>constitutionem</span> <span class='ocrx_word' id='word_1_163' title='bbox 488 3273 622 3349; x_wconf 74' lang='lat' dir='ltr'>sunniam</span> <span class='ocrx_word' id='word_1_164' title='bbox 635 3273 934 3350; x_wconf 74' lang='lat' dir='ltr'>eloquentimnmanum.</span> <span class='ocrx_word' id='word_1_165' title='bbox 974 3273 1095 3326; x_wconf 77' lang='lat' dir='ltr'>Fortasse</span> <span class='ocrx_word' id='word_1_166' title='bbox 1104 3289 1184 3325; x_wconf 82' lang='lat' dir='ltr'>mero</span> 
     </span>
     <span class='ocr_line' id='line_1_26' title="bbox 170 3355 1183 3444; baseline -0.013 -23"><span class='ocrx_word' id='word_1_167' title='bbox 170 3385 327 3444; x_wconf 79' lang='lat' dir='ltr'>operarum</span> <span class='ocrx_word' id='word_1_168' title='bbox 344 3379 459 3423; x_wconf 75' lang='lat' dir='ltr'>errore3</span> <span class='ocrx_word' id='word_1_169' title='bbox 482 3361 528 3414; x_wconf 83' lang='lat' dir='ltr'>etsi</span> <span class='ocrx_word' id='word_1_170' title='bbox 538 3361 721 3414; x_wconf 73' lang='lat' dir='ltr'>correctiorem</span> <span class='ocrx_word' id='word_1_171' title='bbox 739 3379 798 3414; x_wconf 81' lang='lat' dir='ltr'>eam</span> <span class='ocrx_word' id='word_1_172' title='bbox 812 3359 910 3433; x_wconf 84' lang='lat' dir='ltr'>priori,</span> <span class='ocrx_word' id='word_1_173' title='bbox 928 3357 993 3410; x_wconf 79' lang='lat' dir='ltr'>anni</span> <span class='ocrx_word' id='word_1_174' title='bbox 1007 3367 1095 3430; x_wconf 71' lang='lat'>1495,</span> <span class='ocrx_word' id='word_1_175' title='bbox 1114 3355 1183 3409; x_wconf 80' lang='lat' dir='ltr'>dicit</span> 
     </span>
     <span class='ocr_line' id='line_1_27' title="bbox 168 3439 1184 3516; baseline -0.015 -7"><span class='ocrx_word' id='word_1_176' title='bbox 168 3451 305 3509; x_wconf 71' lang='lat' dir='ltr'>Entellus</span> <span class='ocrx_word' id='word_1_177' title='bbox 324 3446 410 3506; x_wconf 70' lang='lat' dir='ltr'>rubr.</span> <span class='ocrx_word' id='word_1_178' title='bbox 429 3442 502 3499; x_wconf 87' lang='lat' dir='ltr'>Bibl.</span> <span class='ocrx_word' id='word_1_179' title='bbox 521 3445 642 3498; x_wconf 67' lang='lat' dir='ltr'>Toum.</span> <span class='ocrx_word' id='word_1_180' title='bbox 658 3463 685 3516; x_wconf 85' lang='lat' dir='ltr'>p.</span> <span class='ocrx_word' id='word_1_181' title='bbox 699 3443 767 3512; x_wconf 68' lang='lat'>268.</span> <span class='ocrx_word' id='word_1_182' title='bbox 810 3442 888 3498; x_wconf 75' lang='lat' dir='ltr'>Falso</span> <span class='ocrx_word' id='word_1_183' title='bbox 907 3441 984 3501; x_wconf 75' lang='lat' dir='ltr'>saue.</span> <span class='ocrx_word' id='word_1_184' title='bbox 1006 3457 1038 3494; x_wconf 87' lang='lat' dir='ltr'>ut</span> <span class='ocrx_word' id='word_1_185' title='bbox 1055 3439 1184 3516; x_wconf 68' lang='lat' dir='ltr'>pluribus</span> 
     </span>
     <span class='ocr_line' id='line_1_28' title="bbox 169 3525 1185 3612; baseline -0.016 -20"><span class='ocrx_word' id='word_1_186' title='bbox 169 3533 314 3612; x_wconf 75' lang='lat' dir='ltr'>exemplis</span> <span class='ocrx_word' id='word_1_187' title='bbox 333 3527 474 3588; x_wconf 76' lang='lat' dir='ltr'>intellexi.</span> <span class='ocrx_word' id='word_1_188' title='bbox 526 3530 593 3582; x_wconf 76' lang='lat' dir='ltr'>Prae</span> <span class='ocrx_word' id='word_1_189' title='bbox 607 3543 715 3600; x_wconf 76' lang='lat' dir='ltr'>recepta</span> <span class='ocrx_word' id='word_1_190' title='bbox 730 3546 747 3580; x_wconf 77' lang='lat' dir='ltr'>a</span> <span class='ocrx_word' id='word_1_191' title='bbox 763 3526 859 3587; x_wconf 68' lang='lat' dir='ltr'>nobit,</span> <span class='ocrx_word' id='word_1_192' title='bbox 880 3543 950 3600; x_wconf 79' lang='lat' dir='ltr'>quae</span> <span class='ocrx_word' id='word_1_193' title='bbox 965 3525 1033 3580; x_wconf 81' lang='lat' dir='ltr'>serti</span> <span class='ocrx_word' id='word_1_194' title='bbox 1057 3527 1118 3580; x_wconf 77' lang='lat' dir='ltr'>saue</span> <span class='ocrx_word' id='word_1_195' title='bbox 1135 3540 1185 3600; x_wconf 81' lang='lat' dir='ltr'>po·</span> 
     </span>
     <span class='ocr_line' id='line_1_29' title="bbox 170 3612 1119 3688; baseline -0.016 -9"><span class='ocrx_word' id='word_1_196' title='bbox 170 3621 240 3684; x_wconf 82' lang='lat' dir='ltr'>test.</span> <span class='ocrx_word' id='word_1_197' title='bbox 262 3619 371 3674; x_wconf 79' lang='lat' dir='ltr'>arridet</span> <span class='ocrx_word' id='word_1_198' title='bbox 388 3612 548 3672; x_wconf 72' lang='lat' dir='ltr'>Burmanni</span> <span class='ocrx_word' id='word_1_199' title='bbox 560 3613 734 3683; x_wconf 78' lang='lat' dir='ltr'>conjectura:</span> <span class='ocrx_word' id='word_1_200' title='bbox 756 3613 907 3688; x_wconf 77' lang='lat' dir='ltr'>eloquentia</span> <span class='ocrx_word' id='word_1_201' title='bbox 916 3637 953 3656; x_wconf 92' lang='lat'>·-</span> <span class='ocrx_word' id='word_1_202' title='bbox 964 3614 1119 3682; x_wconf 79' lang='lat' dir='ltr'>imponerer.</span> 
     </span>
    </p>

    <p class='ocr_par' dir='ltr' id='par_1_4' title="bbox 169 3693 1187 3951">
     <span class='ocr_line' id='line_1_30' title="bbox 215 3693 1186 3768; baseline -0.015 -6"><span class='ocrx_word' id='word_1_203' title='bbox 215 3703 402 3762; x_wconf 65' lang='lat' dir='ltr'>uninomina</span> <span class='ocrx_word' id='word_1_204' title='bbox 446 3701 549 3768; x_wconf 76' lang='lat' dir='ltr'>majera</span> <span class='ocrx_word' id='word_1_205' title='bbox 567 3697 624 3751; x_wconf 72' lang='lat' dir='ltr'>itta.</span> <span class='ocrx_word' id='word_1_206' title='bbox 646 3695 740 3752; x_wconf 84' lang='lat' dir='ltr'>Gnels.</span> <span class='ocrx_word' id='word_1_207' title='bbox 782 3697 828 3752; x_wconf 82' lang='lat' dir='ltr'>sic</span> <span class='ocrx_word' id='word_1_208' title='bbox 842 3694 924 3750; x_wconf 80' lang='lat' dir='ltr'>etiam</span> <span class='ocrx_word' id='word_1_209' title='bbox 942 3695 972 3747; x_wconf 89' lang='lat' dir='ltr'>iu</span> <span class='ocrx_word' id='word_1_210' title='bbox 990 3695 1044 3750; x_wconf 77' lang='lat' dir='ltr'>suis</span> <span class='ocrx_word' id='word_1_211' title='bbox 1061 3693 1186 3750; x_wconf 76' lang='lat' dir='ltr'>invenie·</span> 
     </span>
     <span class='ocr_line' id='line_1_31' title="bbox 169 3777 1187 3866; baseline -0.018 -16"><span class='ocrx_word' id='word_1_212' title='bbox 169 3794 221 3852; x_wconf 73' lang='lat' dir='ltr'>bat</span> <span class='ocrx_word' id='word_1_213' title='bbox 239 3789 368 3866; x_wconf 75' lang='lat' dir='ltr'>Regiiu.</span> <span class='ocrx_word' id='word_1_214' title='bbox 389 3784 442 3858; x_wconf 86' lang='lat' dir='ltr'>qui</span> <span class='ocrx_word' id='word_1_215' title='bbox 464 3781 606 3848; x_wconf 66' lang='lat' dir='ltr'>correxitz</span> <span class='ocrx_word' id='word_1_216' title='bbox 627 3779 673 3840; x_wconf 78' lang='lat' dir='ltr'>sed</span> <span class='ocrx_word' id='word_1_217' title='bbox 697 3781 760 3838; x_wconf 78' lang='lat' dir='ltr'>satir</span> <span class='ocrx_word' id='word_1_218' title='bbox 781 3779 866 3838; x_wconf 80' lang='lat' dir='ltr'>multi</span> <span class='ocrx_word' id='word_1_219' title='bbox 879 3778 968 3836; x_wconf 79' lang='lat' dir='ltr'>codd.</span> <span class='ocrx_word' id='word_1_220' title='bbox 986 3781 1044 3853; x_wconf 70' lang='lat' dir='ltr'>ajin</span> <span class='ocrx_word' id='word_1_221' title='bbox 1061 3777 1187 3834; x_wconf 74' lang='lat' dir='ltr'>emenda·</span> 
     </span>
     <span class='ocr_line' id='line_1_32' title="bbox 169 3872 471 3951; baseline -0.033 -18"><span class='ocrx_word' id='word_1_222' title='bbox 169 3880 284 3936; x_wconf 74' lang='lat' dir='ltr'>tionem</span> <span class='ocrx_word' id='word_1_223' title='bbox 306 3872 471 3951; x_wconf 74' lang='lat' dir='ltr'>agiiotcunt.</span> 
     </span>
    </p>
   </div>
   <div class='ocr_carea' id='block_1_4' title="bbox 173 4041 1186 4260">
    <p class='ocr_par' dir='ltr' id='par_1_5' title="bbox 173 4041 1186 4260">
     <span class='ocr_line' id='line_1_33' title="bbox 173 4041 1186 4166; baseline -0.023 -6"><span class='ocrx_word' id='word_1_224' title='bbox 173 4101 293 4160; x_wconf 76' lang='lat' dir='ltr'>dativus</span> <span class='ocrx_word' id='word_1_225' title='bbox 312 4091 350 4150; x_wconf 65' lang='grc' dir='ltr'>ιβ</span> <span class='ocrx_word' id='word_1_226' title='bbox 374 4091 406 4144; x_wconf 80' lang='lat' dir='ltr'>in</span> <span class='ocrx_word' id='word_1_227' title='bbox 423 4085 560 4162; x_wconf 72' lang='lat' dir='ltr'>perfectis,</span> <span class='ocrx_word' id='word_1_228' title='bbox 602 4088 669 4144; x_wconf 74' lang='lat' dir='ltr'>Inde</span> <span class='ocrx_word' id='word_1_229' title='bbox 702 4089 775 4166; x_wconf 76' lang='lat' dir='ltr'>apud</span> <span class='ocrx_word' id='word_1_230' title='bbox 783 4041 911 4148; x_wconf 61' lang='lat' dir='ltr'>livium</span> <span class='ocrx_word' id='word_1_231' title='bbox 932 4078 1186 4144; x_wconf 47' lang='lat' dir='ltr'>vinnaicum</span> 
     </span>
     <span class='ocr_line' id='line_1_34' title="bbox 173 4169 957 4260; baseline -0.029 -15"><span class='ocrx_word' id='word_1_232' title='bbox 173 4203 272 4246; x_wconf 71' lang='lat' dir='ltr'>nutem</span> <span class='ocrx_word' id='word_1_233' title='bbox 285 4171 669 4260; x_wconf 71' lang='lat' dir='ltr'>prodetuaequedtrequem</span> <span class='ocrx_word' id='word_1_234' title='bbox 702 4176 770 4234; x_wconf 74' lang='lat' dir='ltr'>Liv.</span> <span class='ocrx_word' id='word_1_235' title='bbox 789 4183 840 4248; x_wconf 75' lang='lat'>42,</span> <span class='ocrx_word' id='word_1_236' title='bbox 857 4181 908 4242; x_wconf 80' lang='lat'>55.</span> <span class='ocrx_word' id='word_1_237' title='bbox 927 4169 957 4228; x_wconf 82' lang='grc'>6.</span> 
     </span>
    </p>
   </div>
   <div class='ocr_carea' id='block_1_5' title="bbox 0 0 1587 4802">
    <p class='ocr_par' dir='ltr' id='par_1_6' title="bbox 0 0 1587 4802">
     <span class='ocr_line' id='line_1_35' title="bbox 0 0 1587 4802; baseline 0 0"><span class='ocrx_word' id='word_1_238' title='bbox 0 0 1587 4802; x_wconf 95' lang='lat' dir='ltr'> </span> 
     </span>
    </p>
   </div>
  </div>
 </body>
</html>
