2596 4710
181 288 231 368 tt
267 256 286 283 ⁵
410 272 474 345 ar.
499 266 602 344 ran:
628 266 945 367 communi
1028 332 1031 337 ,

181 452 443 566 pretationem
471 462 633 562 linguae
657 456 896 546 secretioris,
924 470 1022 557 quas
1044 456 1190 534 Graeci

181 570 352 679 γλώσσας
379 592 542 664 vocant,
571 575 669 651 dum
690 574 799 649 aliud
817 576 966 674 agitur,
998 570 1186 662 ediscere,

144 770 146 777 ,
182 708 221 766 et
239 694 343 766 inter
358 694 486 791 prima
503 692 696 765 elementa
714 687 903 787 consequi
922 712 1027 777 rem,
1049 685 1187 789 postea

124 796 128 803 ’
181 809 394 908 proprium
422 822 578 906 tempus
606 803 920 879 defideraturam.
978 809 1045 890 Et,
1081 828 1216 902 quo-f

145 924 148 931 ’
181 924 291 1025 uiant
323 920 453 995 adhuc
486 923 587 994 circa
621 946 682 996 res
711 936 850 996 tenues
882 944 1107 1007 moramur,
1151 916 1186 991 ii

182 1060 343 1135 quoque
360 1034 513 1126 versus,
540 1036 613 1135 qui
630 1036 680 1109 ad
702 1037 966 1110 imitationem
984 1028 1185 1108 scribendi

180 1168 479 1253 proponentur,
524 1177 610 1226 non
643 1150 783 1227 otiosas
815 1151 940 1224 velim
969 1147 1184 1238 sententias

180 1265 370 1356 habeant,
417 1263 486 1340 sed
522 1262 736 1342 honestum
771 1265 924 1364 aliquid
962 1277 1183 1341 monentes.

134 1379 439 1480 &Prosequitur
459 1381 557 1455 haec
571 1382 764 1456 memoria
786 1383 830 1454 in
853 1378 1112 1467 senectutem,
1143 1390 1185 1451 et

72 1534 78 1551 =
178 1492 359 1596 irnpreffa
389 1498 523 1571 animo
556 1495 668 1585 rudi,
706 1520 834 1595 usque
859 1496 910 1570 ad
932 1517 1069 1571 mores
1086 1518 1184 1594 pro-

180 1606 294 1685 ficiet.
365 1612 493 1685 Etiam
531 1610 635 1685 dicta
674 1611 872 1686 clarorum
901 1612 1104 1698 virorum,
1141 1621 1184 1683 et

138 1779 140 1783 «
181 1727 345 1814 εἰεοῑοε,
384 1751 432 1800 ex
450 1728 587 1825 ‚poetis
615 1727 785 1801 maxime
816 1728 834 1821 (
839 1750 1013 1824 namque
1036 1748 1184 1800 eorum

178 1841 312 1942 parvis
345 1841 521 1940 cognitio
551 1844 700 1942 gratior
729 1839 830 1938 est),
866 1842 976 1918 locos
1008 1836 1183 1914 ediscere

100 1988 103 1993 ·
179 1957 285 2031 inter
304 1954 438 2031 lusum
453 1957 555 2031 licet
612 1959 719 2031 Nam
735 1972 775 2029 et
788 1958 958 2032 maxime
974 1951 1184 2030 necettaria

179 2069 234 2145 est
259 2073 406 2147 oratori
429 2068 553 2167 (ficut
575 2069 647 2147 suo
676 2073 766 2149 ioco
790 2070 946 2169 dicam)
967 2071 1181 2146 memoria:

178 2202 219 2260 et
243 2212 293 2260 ea·
310 2188 520 2286 praecipue
549 2184 727 2263 firmatur
752 2202 869 2285 atque
890 2187 1010 2261 alitur
1032 2185 1183 2259 exerci·

87 2350 91 2355 -
178 2303 348 2377 tatione:
380 2303 479 2376 etin
497 2303 567 2390 iis,
595 2301 646 2377 de
660 2302 806 2402 quibus
824 2328 932 2376 nunc
954 2301 1184 2404 loquimur,

116 2452 119 2457 ·
179 2416 387 2504 aetatibus,
420 2442 521 2515 quae
546 2417 653 2491 nihil
675 2416 776 2493 dum
800 2415 904 2517 ipsae
928 2442 976 2490 ex
1000 2414 1040 2489 i'e
1062 2440 1184 2516 gene·

178 2555 265 2607 rare
283 2547 458 2632 queunt,
483 2557 610 2633 prope
623 2530 704 2609 sola
719 2529 794 2622 est,
818 2556 919 2632 quae
935 2532 1068 2627 juvari
1086 2554 1228 2622 curaer

236 2763 332 2827 imi-i
346 2780 419 2815 cara.
461 2762 541 2814 Hanc
556 2760 718 2833 scripturam
734 2761 811 2818 votr.
832 2776 849 2815 a
867 2774 895 2815 et
910 2761 995 2829 Goth.
1013 2759 1063 2816 soli
1080 2760 1184 2819 haber·

177 2842 322 2900 videnum
368 2841 461 2899 Guelf.
489 2863 554 2897 cum
578 2843 638 2899 aliia
656 2848 755 2914 juvare
776 2868 882 2907 curam,
903 2865 954 2898 nec
979 2846 1014 2899 eii
1032 2846 1185 2919 spernenda

88 2947 93 2963 ¹
177 2926 246 2983 haec
268 2929 350 2982 ratio.
393 2926 518 2999 Adjuvut
542 2946 637 2981 curam
660 2928 786 2983 docentis
810 2949 841 2984 ea
864 2929 917 2985 sola
934 2931 962 2983 in
982 2931 1076 3004 pruris
1095 2930 1184 2988 animi

145 3040 150 3048 v
176 3002 319 3074 incultu.¹
338 3029 403 3065 cum
432 3026 535 3065 ceterae
560 3011 650 3065 adhuc
675 3012 754 3088 plane
781 3016 832 3068 suu
857 3018 942 3069 nervis
966 3017 1060 3069 alienis
1085 3014 1184 3069 mobile
1223 3008 1227 3015 ⁸

177 3097 290 3171 iignum.
347 3097 406 3153 Vix
433 3109 525 3149 tarneu
549 3114 632 3174 neget
656 3113 756 3153 ceteras
783 3097 840 3151 ullo
865 3098 951 3152 ruodo
976 3100 1050 3175 poiie
1079 3101 1182 3169 juvati,

176 3180 310 3241 Judicent
332 3179 497 3255 peritiore23
527 3199 591 3235 netu
614 3195 641 3234 et
663 3197 770 3257 recepta
795 3179 895 3241 babet.
916 3202 974 3255 quo
998 3184 1022 3237 se
1042 3182 1182 3257 defendat.

180 3265 351 3337 Gedoynuaz
390 3262 418 3319 la
448 3264 584 3321 me'moire
609 3263 646 3321 est
676 3266 704 3321 lt
732 3265 804 3322 seule
829 3265 908 3321 chose
933 3266 985 3340 qui
1008 3265 1119 3346 seiunge
1143 3284 1185 3321 un

178 3352 288 3405 mairie.

221 3568 304 3624 usque
333 3547 371 3603 ad
406 3554 493 3606 motos
526 3547 661 3628 proficiet.
703 3548 812 3606 cesserit
831 3547 1002 3627 prosequitur
1020 3555 1046 3607 in
1059 3549 1185 3628 senectu-

179 3628 226 3689 ΒΡ(
247 3632 341 3707 eliqua
361 3632 509 3689 difficultas
534 3633 566 3688 iu
590 3653 662 3690 voce
703 3650 772 3696 tem,
801 3635 882 3709 spatii
905 3635 950 3689 vel
975 3637 1110 3712 temporis
1133 3636 1185 3694 ali·

177 3736 273 3777 morer.
288 3735 374 3792 quare
389 3715 601 3771 Almeloreniur
618 3737 661 3773 co·
702 3737 785 3792 quem
802 3719 885 3772 finem
904 3719 1017 3791 jubebat
1027 3737 1184 3796 expectare.

180 3799 287 3881 gitabat
302 3801 337 3856 de
355 3801 529 3861 mutatione,
550 3814 583 3855 ut
599 3802 662 3856 scri·
703 3818 731 3855 et
748 3803 913 3857 frustrantur
929 3823 980 3858 noe
999 3806 1184 3879 quodammo-

74 3906 81 3919 ‘
179 3881 295 3940 beretur
329 3902 440 3942 mortem
472 3903 525 3961 pro
548 3905 660 3961 1ηιονεες
702 3885 738 3940 do
755 3906 840 3941 mores
855 3887 906 3941 isti.
951 3893 1183 3964 interpretetus·

178 3969 313 4026 sententia
342 3970 427 4024 nimia
452 3971 555 4043 jejuna.
607 3968 659 4025 Sed
703 3971 802 4046 quoad
815 3992 900 4027 mores
914 3975 1202 4051 proficieoadipsot.

179 4073 279 4129 usqua,
308 4052 469 4129 praesertim
494 4070 560 4109 cttm
585 4068 662 4108 mte-
701 4072 794 4111 tuom
820 4056 977 4137 pertinget,
1012 4054 1182 4134 penetrabit:
