2596 4710
211 270 214 275 ⁵
338 330 975 422 rnsr.ouaron1.m.11,ia
1078 339 1152 422 393

104 543 144 602 99
153 511 275 593 finem
289 518 393 592 vitae
407 519 567 609 utilem;
600 523 678 613 jam
692 517 936 597 ostendimus
949 518 1054 594 nihil
1066 545 1154 598 non

150 632 301 717 horum
327 636 370 707 in
393 635 590 715 rhetorice
612 632 739 711 inesse.
805 635 940 741 Quid?
976 633 1088 735 quod
1112 648 1198 723 etat

150 744 395 847 inspectione
424 767 463 825 et
483 751 778 839 exercitatione,
805 767 852 827 ut
874 765 972 825 artes
994 765 1154 841 ceterae,

152 861 332 941 constat?
398 868 485 940 Nec
506 863 632 966 potest
656 892 716 941 ars
739 892 824 942 non
844 862 936 957 esse,
964 864 1075 941 siars
1098 863 1155 940 est
1257 860 1265 889 ⁸

152 976 367 1069 dialectice,
396 981 507 1081 quod
522 979 605 1056 sere
621 979 790 1057 constat:
820 1007 914 1057 cum
929 982 976 1055 ab
989 1007 1046 1071 ea,
1068 978 1154 1081 spe·

152 1094 213 1171 cie
226 1097 350 1195 magis
366 1122 485 1195 quam
498 1120 653 1197 genere,
679 1092 844 1173 differat.
904 1096 981 1173 Sed
997 1122 1071 1172 nec
1083 1097 1155 1171 illu

152 1211 372 1285 omittenda
392 1209 499 1301 sunt,
519 1239 607 1311 ,qua
623 1215 667 1286 in
687 1238 729 1287 re
750 1215 850 1290 alius
874 1211 913 1286 se
928 1208 1153 1287 inartificia-

150 1323 255 1413 liter,
279 1327 379 1402 alius
398 1326 649 1403 artificialiter
667 1345 784 1428 gerat,
802 1331 847 1403 in
863 1354 907 1403 ea
921 1325 994 1401 esse
1009 1342 1153 1402 artem:

151 1443 254 1531 etin
271 1465 338 1530 eo,
368 1443 498 1543 quod,
523 1445 594 1543 qui
621 1443 824 1533 didicerit,
852 1445 996 1519 melius
1018 1442 1153 1531 faciat,

150 1580 273 1654 quam
294 1559 366 1655 qui
389 1584 473 1634 non
501 1557 705 1649 didicerit,
739 1556 811 1633 esse
836 1575 969 1634 artent.
1028 1558 1200 1655 Atquils

150 1694 235 1745 non
249 1668 379 1747 solum
395 1673 533 1750 doctus
547 1672 768 1761 indoctum,
783 1672 855 1775 sed¹
865 1678 984 1773 etiam
998 1673 1156 1749 doctior

151 1782 316 1863 doctum
338 1789 382 1863 in
403 1790 618 1866 rhetorices
639 1816 758 1891 opere
776 1788 993 1891 superabit,
1021 1811 1155 1887 neque

150 1897 272 1976 essent
291 1908 376 1997 eius
395 1906 507 1979 aliter
522 1922 603 1980 tarn
618 1907 744 1979 multa
760 1920 975 2005 praecepta,
993 1920 1155 2001 tamque

151 2018 303 2117 magni,
323 2020 394 2118 qui
413 2018 611 2096 docerent.
668 2020 715 2095 Id
732 2019 844 2119 quod
859 2046 953 2095 cum
966 2019 1155 2095 omnibus

150 2126 513 2224 confitendumest,
534 2151 621 2209 turn
634 2134 751 2211 nobis
766 2137 987 2234 praecipue,
1004 2134 1077 2233 qui
1093 2156 1155 2205 ra-

148 2247 303 2323 tionem
318 2248 479 2324 dicendi
495 2277 516 2324 a
530 2252 639 2326 bono
655 2252 745 2326 viro
761 2276 845 2326 non
861 2247 1093 2350 separamus.

232 2387 367 2459 XVIII.
398 2388 503 2463 Cum
524 2384 599 2460 sint
623 2403 756 2461 autem
776 2385 919 2459 artium
940 2384 1038 2459 aliae
1052 2378 1154 2484 posi-

149 2511 209 2573 tae
230 2500 275 2573 in
298 2500 562 2601 inspectione,
593 2499 637 2575 id
652 2499 707 2574 est
729 2502 959 2599 cognitione
981 2514 1021 2573 et
1042 2495 1154 2585 aesli-

147 2616 337 2705 matione‚
352 2640 499 2705 rerum,
517 2617 646 2715 qualis
658 2614 712 2689 est
725 2610 977 2721 Astrologia,
992 2614 1155 2689 nullum

149 2731 310 2829 exigens
335 2749 482 2821 actum,
517 2729 585 2806 sed
606 2728 691 2831 ipso
717 2732 796 2819 rei,
833 2735 947 2823 cuius
974 2727 1155 2804 studium

149 2842 288 2933 habet,
317 2831 523 2922 intellectu
540 2863 740 2932 contenta,
765 2872 866 2945 quae
883 2838 1065 2949 &tegmini
1081 2869 1155 2920 vo-

151 2977 285 3035 catur:
316 2963 413 3036 aliae
436 2964 480 3037 in
500 2961 673 3061 agendo,
705 2986 875 3060 quarum
895 2962 940 3034 in
964 2959 1043 3035 hoc
1062 2955 1155 3033 finis

105 3072 219 3166 coest,
234 3092 274 3150 et
287 3075 372 3178 ipso
388 3092 478 3153 actu
490 3074 707 3179 perficitur,
722 3075 907 3176 nihilque
922 3071 1008 3174 post
1022 3086 1162 3149 actum·

146 3292 239 3351 ,qma
259 3273 348 3351 potest
366 3275 419 3331 effe
439 3275 489 3337 nisi
511 3294 582 3350 quae
601 3304 644 3337 --·¹
667 3293 703 3328 ex
723 3271 823 3328 multia
835 3270 1156 3346 enimiperceptionibns

147 3356 279 3423 „eonfiat-
444 3360 570 3437 quuod.
612 3356 706 3417 Guelt
723 3359 802 3434 iisque
816 3374 882 3412 cnm
890 3355 976 3412 Goth.
991 3357 1062 3415 Jens.
1080 3359 1153 3425 (tre.

148 3446 253 3512 ocu.)
268 3458 295 3498 et
309 3441 406 3498 multia
422 3443 511 3501 Codd.
530 3445 591 3500 odd.
605 3458 698 3499 eutem
714 3459 776 3498 ante
789 3440 898 3516 crypt.
914 3440 1055 3495 omnibus.
1097 3440 1155 3498 Ve-

146 3529 210 3586 rior
231 3543 304 3603 puto
323 3543 443 3604 recepto.
487 3528 619 3586 Confusio
639 3528 770 3603 lreqnem
792 3526 852 3583 vid.
871 3523 1014 3582 Drakenb.
1030 3525 1064 3580 ad
1085 3525 1154 3583 Liv.
1181 3536 1198 3587 9

150 3632 178 3679 ι,
202 3624 239 3685 a.
262 3613 291 3669 6.

189 3774 218 3815 et
235 3757 405 3835 inspectione.
443 3758 505 3817 vid.
520 3778 590 3817 mox
606 3779 630 3816 o.
715 3755 1046 3835 perficitur—relinquit.
1067 3751 1154 3811 Possit
1266 3802 1277 3827 a

150 3854 198 3916 ¹8·
220 3866 248 3901 r.
672 3841 784 3897 haerere
811 3842 842 3894 In
869 3841 972 3895 horum
998 3837 1167 3896 vorborum'

189 3952 251 3986 cum
263 3930 300 3986 ab
314 3952 355 3985 aa.
377 3929 545 3987 crinitium
558 3928 632 3986 lllre·
672 3927 804 3999 subjecto.
848 3925 968 3985 Videtur
988 3938 1081 3979 autern
1102 3922 1155 3978 else

144 4015 250 4071 rorice·
265 4014 451 4071 Aristotelen.
672 4014 784 4085 „sinin”
814 4012 862 4065 etsi
889 4009 984 4065 minue
1012 4007 1155 4063 convenit.

190 4100 245 4156 Sed
266 4121 312 4154 noc
327 4101 386 4154 isla.
429 4096 503 4162 Vide
518 4098 630 4156 Ariston
674 4100 765 4172 Quare
795 4093 905 4171 aliquot
936 4092 999 4151 edd.
1030 4090 1157 4164 (Golia

144 4184 234 4245 Rhoe.
253 4202 280 4247 ι.
300 4204 328 4247 r,
344 4198 373 4239 a.
