2836 4812
291 443 367 519 524
397 407 416 435 ³
530 423 586 494 M.
617 421 719 492 ren.
752 415 1066 514 qururmnm

290 619 388 694 veri.
420 613 561 691 sufficit
575 611 681 686 enim
695 608 823 707 prima
840 603 996 695 divisio,
1021 629 1101 704 qua
1117 602 1353 686 diximusne

292 735 392 810 alios
417 729 644 815 rationales,
687 725 784 798 alios
813 723 956 822 legales
989 717 1081 795 elle:
1132 721 1185 792 ita
1209 745 1294 795 non

294 852 371 924 erit
399 843 538 934 status,¹
572 841 639 916 sed
667 835 946 940 quaestionum
965 861 1109 936 genus:
1143 833 1295 933 alioqui

203 1020 206 1036 .
246 969 285 1039 68
296 981 334 1038 et
349 961 551 1038 rationalis
572 957 691 1032 status
708 951 808 1038 ellet.
867 959 925 1028 Ex
946 953 995 1028 iis
1024 955 1162 1038 etium,
1192 975 1293 1049 quos

241 1105 244 1111 ’
292 1073 477 1179 speciales
522 1073 732 1159 vocabam,
787 1071 944 1153 removi
985 1067 1292 1142 tramlutiouem:

177 1257 180 1262 .
291 1193 523 1294 frequenter
542 1187 707 1289 quidem
729 1182 850 1277 (sicut
874 1209 1031 1271 omnes,
1058 1185 1130 1282 qui
1151 1207 1216 1254 me
1238 1179 1293 1252 se-

293 1311 376 1384 cuti
395 1307 504 1394 lunt,
531 1297 749 1378 meminisse
773 1295 954 1399 poliunt)
978 1296 1156 1384 testatus,
1187 1312 1225 1370 et
1250 1297 1293 1370 in

292 1422 384 1526 ipsis
409 1425 528 1498 etiam
553 1419 633 1495 illis=
657 1416 917 1504 sermonibus,
944 1440 1009 1489 me
1025 1414 1189 1490 nolente
1206 1411 1295 1487 vul·
1406 1419 1407 1492 Ϊ

355 1703 400 1758 Ex
416 1707 457 1758 iis.
500 1699 593 1756 Malui
612 1717 628 1753 e
646 1695 733 1753 Goth.
751 1697 823 1756 Jent.
845 1695 911 1764 (tic.
928 1695 1023 1762 Gesn.)
1047 1713 1110 1750 cum
1127 1695 1212 1750 Trrv.
1231 1691 1292 1750 tlt.

289 1788 349 1844 Bas.
373 1791 405 1842 iis
428 1803 493 1860 prae
514 1784 635 1838 aliorum
651 1784 707 1839 tis.
736 1793 867 1852 tanquam
892 1778 1001 1833 clarius.

355 1867 475 1945 reflatus.
520 1861 605 1922 Goth.
636 1865 770 1920 omittens
800 1863 854 1916 hoc
884 1861 1055 1918 vocabulum
1079 1877 1127 1916 aut
1154 1861 1292 1918 oscitantis

288 1953 398 2012 librarii
411 1953 495 2008 lubet
508 1959 642 2010 errorem,
665 1963 714 2002 aut
730 1947 802 2003 mele
817 1945 917 2007 seduli,
946 1949 995 2022 qui
1016 1947 1216 2020 supervacuum
1238 1967 1294 2002 cre·

183 2078 187 2088 -
290 2039 393 2093 diderit
414 2037 532 2092 alterum
554 2032 750 2110 participium,
780 2051 843 2086 cum
867 2031 1000 2088 sufficeret
1023 2033 1196 2102 corripiatur,
1217 2031 1292 2106 qnod

290 2125 423 2196 sequitur.
458 2125 565 2195 ¹Neque
580 2136 672 2172 tumen
687 2117 843 2190 complexus
856 2131 963 2188 poterut
978 2115 1077 2170 referri
1091 2115 1122 2168 ad
1139 2118 1292 2172 sermonem

290 2207 487 2281 quotidianum
508 2207 538 2258 in
564 2203 654 2261 schola
678 2201 821 2261 habitum,
855 2203 905 2273 qui
928 2199 1098 2276 intelligitur
1119 2201 1149 2252 in
1172 2201 1292 2278 testatus.

290 2291 430 2347 Videntur
446 2307 542 2344 omnes
558 2302 699 2364 praeterea
712 2286 820 2347 Codri„
847 2301 875 2338 et
897 2285 953 2361 ipse
974 2285 1058 2339 etiam
1073 2285 1147 2344 Vols.
1168 2301 1197 2340 2.
1220 2287 1292 2343 tueri

289 2389 435 2448 receptam.

330 2594 418 2664 prima
438 2618 481 2634 -
503 2589 632 2644 diximus.
683 2588 718 2644 cf.
742 2603 772 2657 3,
813 2607 895 2663 qnam
914 2589 1025 2644 interest
1045 2594 1146 2645 removi
1164 2589 1240 2664 dicat
1261 2613 1296 2648 tn

289 2687 326 2744 5,
348 2683 377 2747 4.
813 2696 934 2729 removeo
956 2677 1043 2738 (sicut
1066 2675 1150 2728 modo
1165 2677 1201 2729 est
1218 2695 1297 2750 prae·

330 2779 385 2812 non
406 2761 456 2811 erit
466 2755 565 2832 flatus
608 2757 770 2830 Subiectum
813 2761 869 2814 sens
886 2759 1032 2832 intelligo),
1055 2761 1105 2814 nisi
1124 2761 1201 2832 quod
1215 2761 1295 2816 disci.

290 2841 455 2902 sententiae,
477 2842 553 2914 quod
572 2843 683 2898 sortasse
705 2842 771 2898 desi·
811 2843 915 2918 plinam
931 2845 986 2914 jum
1010 2845 1184 2899 constitutam
1209 2847 1297 2902 osten-

290 2927 383 2988 deret.
425 2925 462 2980 est
489 2925 545 3001 ipse
573 2926 621 2981 ille
652 2944 770 3003 quartur,
811 2928 856 2982 dit
867 2928 1030 3002 perlectum.

228 3035 231 3042 ¹
291 3031 375 3086 quem
396 3029 471 3066 nunc
492 3014 621 3066 removeri
634 3011 709 3089 poffe
733 3015 771 3065 in·
853 3009 973 3086 testatur.
1032 3009 1124 3068 videl.
1154 3011 1184 3067 id
1214 3013 1296 3088 quod

291 3097 400 3170 telligit.
443 3095 473 3148 Si
498 3096 591 3157 enim,
613 3096 689 3169 quod
706 3113 770 3150 cou-
810 3095 944 3150 insertur:
968 3099 1017 3152 vix
1031 3125 1072 3138 -
1087 3095 1295 3176 paffereperin'.

290 3182 385 3239 venit,
407 3181 546 3234 rationalis
564 3179 658 3234 nullut
673 3179 710 3234 est
723 3180 771 3233 lle·
810 3199 846 3234 ne
861 3181 935 3236 forte
946 3181 1011 3253 quir
1024 3180 1053 3234 in
1066 3183 1295 3238 etitemdeutibur

291 3279 345 3326 tue,
367 3283 402 3318 ne
416 3263 512 3336 legalis
526 3263 639 3335 quidem
657 3265 719 3318 erit.
810 3280 939 3337 quaerat,
973 3264 1049 3337 quod
1070 3265 1183 3340 testeum
1204 3267 1296 3324 suerit

332 3351 440 3405 removi.
493 3347 612 3402 Attende
641 3349 771 3402 differen·
811 3351 864 3422 Qu.
896 3349 930 3404 es.
948 3365 1006 3404 not.
1026 3349 1097 3407 Crit.

290 3433 356 3487 tiam
379 3445 467 3509 praet.
484 3433 600 3505 perfecti
617 3436 717 3488 removi
743 3448 771 3487 et
851 3433 1016 3509 sermonibus
1046 3461 1086 3478 ι·-
1114 3449 1211 3490 tamen.
1258 3435 1295 3491 cs.

181 3549 185 3554 ·
290 3517 447 3592 imperfecti
468 3519 596 3572 vocabam
617 3516 672 3586 (ut
692 3519 771 3592 supra
812 3521 939 3572 Prooem.
963 3533 1016 3572 tor.
1041 3519 1132 3592 operit
1155 3519 1179 3586 b.
1199 3535 1227 3586 7.
1263 3524 1299 3575 ln

101 3591 107 3600 ⁹
286 3601 438 3676 servabam,
457 3615 548 3660 mant,
570 3604 714 3674 partimur,
735 3620 770 3656 ne
812 3599 948 3676 particula
978 3619 1065 3656 tonuit
1092 3602 1161 3657 inest
1194 3623 1301 3660 eorum

182 3741 187 3755 ,
291 3688 366 3740 sorte
385 3686 449 3759 quis
471 3684 621 3738 refer-atad
642 3686 672 3739 id
694 3685 769 3759 quod
812 3689 969 3740 sermonum
984 3687 1172 3760 vituperatio:
1196 3691 1246 3752 „in
1262 3689 1302 3744 il·

291 3768 377 3824 modo
407 3765 515 3823 dicebat
548 3770 572 3837 b.
597 3769 653 3830 66,
695 3772 771 3844 quusi
810 3769 864 3832 „lis
880 3769 1049 3826 sermonibus
1066 3766 1228 3828 licervrlde
1245 3775 1304 3828 im.

292 3867 352 3908 tum
369 3853 483 3907 demum
500 3856 666 3922 vocaverit).
706 3857 770 3910 Hoc
810 3855 986 3928 ,partemne
1027 3855 1119 3910 Etiam
1136 3859 1302 3929 eonrplexm

291 3939 393 4012 spectut
414 3937 448 3992 ad
467 3938 613 4011 pristinum
630 3939 770 4013 partiendi
811 3938 893 3993 habet
911 3939 1013 3992 erroris
1030 3941 1060 3994 iu
1075 3939 1131 3995 istie
1152 3939 1233 3996 libris
1249 3943 1302 3998 ad.

289 4040 414 4084 morem,
455 4041 531 4076 nunc
564 4021 769 4099 improbatum
811 4023 883 4078 miffi
903 4025 1144 4101 significationem,
1182 4026 1230 4080 cui
1255 4041 1303 4083 ta·

289 4101 378 4166 illud,
415 4123 489 4179 qnae
506 4108 692 4162 cummaxime
715 4111 769 4181 Qu.
811 4126 876 4162 men
899 4109 1060 4182 adjunxerit
1082 4111 1136 4178 jam
1158 4124 1221 4164 tum
1244 4111 1302 4168 ali.

289 4189 397 4252 fecerit,
412 4187 562 4268 significum
584 4211 674 4267 neque
690 4191 771 4268 quid·
811 4211 866 4268 qut
881 4211 965 4248 verae
978 4193 1094 4248 reticuit
1111 4195 1221 4248 semiue.
