2596 4710
247 357 728 434 1NsT;'0utTOR.·L113.
754 360 831 451 1ΙΙ,’
855 366 889 435 6.
994 376 1065 455 541·

73 579 125 628 an
149 577 199 627 ex
225 549 427 627 voluntate
452 554 607 651 patris?
645 578 706 628 an
738 551 847 629 heres
867 545 1072 662 scriptus?

74 666 215 742 Notho
236 665 384 766 duplex
407 663 452 740 lit
473 665 671 767 quaestio,
700 666 812 768 quod
831 662 927 773 post
941 670 1072 768 legiti·
1111 740 1114 745 .

74 807 162 857 mos
183 796 298 857 natus
310 780 367 870 fit,
398 796 436 856 et
450 780 562 882 quod
577 802 652 859 non
672 781 718 858 lit
739 800 829 858 ante
844 786 1074 884 legitimum

75 912 201 971 natus.
285 898 401 971 Prior
425 895 698 997 syllogismum
721 899 857 988 habet,
899 899 971 975 An
995 922 1072 997 pro
1080 928 1120 989 99

75 1016 284 1086 nonnulis
300 1007 386 1121 stnt
410 1009 592 1103 habeam,
637 1018 704 1113 qui
736 1041 765 1089 a
784 1009 952 1120 familia
974 1006 1074 1123 sunl

75 1126 261 1200 alienati?
308 1126 440 1202 Altera
459 1125 595 1227 scripti
618 1143 657 1201 et
679 1128 906 1204 remittetis.
969 1125 1074 1214 Non

75 1243 184 1315 enim
208 1235 282 1314 elle
304 1239 414 1317 hunc
435 1257 575 1319 natum
595 1258 685 1316 ante
707 1240 955 1343 legitimum,
979 1270 1076 1319 cou-

75 1358 208 1432 venit:
237 1352 307 1429 sed
323 1358 529 1433 voluntate
547 1358 644 1455 legis
666 1354 705 1435 se
726 1358 924 1447 tuebitur,
953 1383 1075 1457 quam

77 1468 182 1545 dicet
206 1471 324 1545 talem
347 1468 480 1562 fuiffe,
503 1487 568 1547 'ut
588 1473 787 1572 legitimus
808 1470 899 1549 ellet
925 1473 1076 1549 nothus

78 1600 167 1661 tum
182 1601 309 1674 natus,
336 1612 430 1663 eum
450 1587 551 1662 alius
568 1587 770 1686 legitimus
786 1589 830 1661 in
848 1587 970 1663 domo
990 1594 1077 1664 non'

78 1695 180 1776 ellet
245 1703 445 1802 Scriptum
468 1724 629 1801 qu01ue
651 1701 749 1800 legis
780 1702 980 1791 excludet,
1015 1701 1144 1777 ‹li-10·

80 1839 189 1903 cens,
219 1818 319 1890 Nun
344 1820 494 1914 utique,
518 1811 561 1922 fi
582 1809 724 1917 postea
749 1815 945 1920 legitimus
966 1833 1080 1892 natus
1159 1830 1162 1835 ⁴

79 1954 156 2005 non
171 1922 248 2036 stt,
284 1927 398 2003 notho
424 1952 579 2003 nocere:
623 1941 834 2027 uteturque
859 1931 936 2004 'toc
964 1955 1081 2030 argu·
1119 1928 1144 1999 i

79 2058 240 2128 mento,
284 2044 415 2149 Finge
432 2034 566 2152 solum
596 2036 729 2114 natum
760 2041 936 2131 nothum,
974 2027 1100 2142 cujus*

81 2156 417 2232 conditionisve?
455 2171 604 2233 tantum
626 2157 749 2231 civis?
779 2163 890 2257 atqui
912 2184 987 2233 non
1007 2163 1083 2233 erit

78 2265 174 2377 post
201 2271 414 2377 legitimum
436 2267 558 2346 uatus.
590 2267 731 2378 filius?
777 2277 887 2372 atqui
910 2298 985 2348 non
1010 2277 1085 2349 erit

82 2404 174 2464 ante
206 2388 399 2491 legitimos
428 2403 550 2462 natus.
598 2409 721 2485 quare
744 2382 788 2496 st
822 2384 952 2464 verbis
984 2388 1086 2494 legis

75 2499 186 2611 stari
201 2529 275 2578 non
285 2495 428 2607 potest,
455 2495 850 2605 uoluntatestandum
867 2496 936 2607 est.
980 2506 1149 2578 Necnox
1208 2572 1211 2577 .

87 2642 319 2719 quenquam
336 2618 483 2708 turbet,
515 2613 626 2718 quod
642 2640 690 2689 ex
708 2641 790 2691 una
808 2619 895 2717 lege
912 2616 995 2694 duo
1013 2615 1089 2692 sta·

87 2750 154 2809 tus
171 2729 276 2805 liarlt.
315 2730 464 2829 duplex
485 2729 561 2806 est:
591 2733 646 2805 ita
661 2733 747 2803 vim
763 2729 935 2806 duarum
956 2731 1091 2815 habet,

87 2847 237 2925 Redire
262 2841 521 2919 infantilium
543 2844 698 2918 volenti
718 2842 865 2919 dicitur
888 2847 936 2918 ab
961 2848 1086 2923 altero

87 2964 286 3063 primum,
344 2959 404 3038 Ut
424 2955 493 3032 tibi
517 2959 644 3033 redire
670 2956 803 3031 liceat.-
847 2958 956 3033 heres
978 2948 1084 3068 ¹sum.

85 3075 196 3153 idem
220 3073 358 3162 status,
386 3075 460 3173 qui
479 3075 524 3148 in
544 3073 736 3173 petitione
755 3068 933 3146 abdicati.
966 3097 1086 3172 quae·

84 3194 191 3269 titur
215 3192 342 3281 enim,
384 3188 455 3264 An
475 3177 594 3297 poffit
622 3179 700 3298 effe
727 3183 835 3262 heres
859 3184 1088 3265 abdicatus?

151 3419 237 3475 luens·
248 3418 399 3475 abdicatus.
442 3417 537 3476 Turio.
559 3414 667 3473 omittit
685 3415 839 3478 abdicatus,
858 3432 924 3471 eum
942 3413 1013 3473 Obr.
1030 3415 1089 3471 lor·

88 3501 154 3558 ulle
175 3521 211 3558 ex
231 3504 408 3582 Argentoret.

88 3688 131 3743 rit
151 3687 196 3743 Aa
216 3688 295 3747 nullo
314 3703 367 3744 oet.
403 3688 439 3744 el.
456 3701 492 3756 5.
520 3706 567 3751 ιι,
606 3683 691 3741 licere
705 3684 843 3764 perleget
862 3684 915 3740 else
934 3683 1091 3740 herediue-

94 3786 143 3840 ιδ.
169 3771 216 3827 ιδ.
610 3786 700 3851 gutur,
720 3770 818 3825 frustra
834 3771 860 3823 le
873 3767 964 3822 redire
981 3766 1090 3823 volenti

134 3857 177 3912 An
186 3852 268 3933 poffie
279 3885 320 3899 -
334 3856 480 3912 abdicatus·
502 3856 571 3913 Nou
613 3854 742 3930 opposuit
755 3854 808 3908 hoc
818 3869 993 3932 argumento,
1009 3851 1089 3927 quod
1174 3912 1177 3919 ,

93 3940 131 3995 eil
145 3941 223 4014 quod
237 3958 290 4016 pro
302 3940 428 3997 abdicato
447 3939 495 3995 hie
507 3958 571 3995 eum
612 3940 676 3995 ellet
691 3938 778 3995 lieret.
813 3939 874 3994 Nec
887 3935 973 3991 refert
986 3936 1091 3995 adsm-

93 4025 215 4081 Gelnero
230 4041 309 4101 optes
323 4026 491 4099 adoptatum.
517 4024 572 4080 Ab·
611 4025 688 4086 siim,
711 4035 866 4097 comparem
880 4040 915 4075 en
929 4019 996 4079 absit
1013 4020 1087 4093 (vid.
1116 4058 1123 4089 2

92 4109 200 4164 dicaeus
221 4110 296 4163 mim
319 4109 356 4162 ell
376 4108 446 4164 ulter
469 4108 534 4170 ille,
555 4128 572 4164 e
611 4123 672 4164 not.
683 4107 769 4175 stit.)
790 4107 936 4162 abdicatus.
978 4103 1033 4161 Sed
1048 4105 1091 4160 vi·

92 4210 153 4267 quo
169 4191 288 4247 dicitur:
312 4188 467 4267 harusam.
489 4192 571 4251 utili
612 4192 693 4249 detur
706 4189 834 4249 excidili'e
847 4208 899 4267 pet
911 4206 1036 4246 errorem
1052 4186 1090 4242 ub
