3158 4802
531 299 862 370 PRAEFATIO.
1043 323 1204 374 Lxxxur

146 67 150 264 q
225 171 228 176 ,

144 343 147 468 l

143 493 145 528 ³
199 499 332 550 tuantur
346 486 471 550 ratione
486 485 609 560 babila,
636 488 815 572 promiscue
836 491 987 554 dicuntur
1008 494 1119 555 omnia
1133 512 1203 554 cor.

197 593 291 673 poris
309 589 479 651 exercendi
501 588 672 672 spectacula
693 605 729 652 ut
746 593 864 679 Digest.
889 581 922 674 3ss
951 610 984 662 α.
1009 605 1044 678 4,
1078 614 1090 654 ι
1119 596 1203 660 aliie·

198 713 262 774 que
278 691 389 754 multia
404 691 636 758 Pandectarutu
652 694 740 758 loeie.

278 859 318 914 Ω,
345 855 380 921 8,
410 851 465 922 ι4.
495 841 712 936 Nietylranu.
764 845 856 906 Adde
876 843 915 906 ad
935 858 1005 908 not.
1023 865 1094 908 εκ..
1118 847 1196 910 ride

197 959 231 1008 et
255 945 339 1006 Dial.
364 945 404 1006 de
424 941 516 1006 cauff.
541 959 707 1027 corruptae
728 946 927 1026 eloquentiae
943 966 970 1008 c.
993 967 1047 1009 ao.
1074 949 1111 1010 iu
1129 968 1195 1032 quo

194 1061 229 1110 et
246 1045 314 1130 ipso
330 1041 524 1108 Nicostratus
538 1061 743 1118 memoratur,
765 1047 873 1129 ibique
889 1047 985 1128 Liplii
1000 1061 1069 1110 not.

211 1271 215 1276 ,
277 1213 318 1268 Ω,
351 1219 412 1268 ιι,
438 1203 474 1280 lq.
503 1195 720 1278 pluribus-
742 1195 864 1262 diebus.
915 1197 1198 1260 addemnatam

199 1317 270 1363 em:
303 1299 365 1360 llic
381 1301 483 1384 megia
503 1301 598 1361 etiam
624 1301 768 1362 citandus
786 1314 852 1362 erat
870 1299 959 1362 locut
981 1319 1042 1370 to,
1071 1313 1110 1380 5,
1139 1311 1194 1375 15.

166 1397 170 1405 “
199 1402 255 1482 qui
271 1403 335 1486 agit
355 1401 469 1462 itidem
483 1403 524 1462 de
541 1403 712 1488 cogitando
730 1416 763 1464 et
784 1401 967 1472 scribendo,
993 1403 1080 1483 quod
1104 1403 1139 1463 lit
1162 1401 1197 1462 iu

200 1504 362 1576 conclavi,
382 1521 456 1563 cum
470 1504 635 1566 undecimi
649 1504 722 1564 libri
737 1502 841 1566 senlue
859 1505 1020 1565 actionem
1033 1501 1133 1586 ipsam
1150 1521 1198 1566 re·

200 1603 314 1686 [piciat.
387 1605 578 1687 Quanquam
597 1620 631 1668 et
651 1606 696 1666 ibi
719 1605 763 1668 est
784 1606 902 1666 iratum‘
918 1603 1104 1674 lacunaria,
1142 1601 1197 1666 fed

197 1707 295 1768 altero
324 1705 397 1768 loco
421 1698 612 1796 spectantes
635 1720 772 1779 tectum,
817 1726 850 1770 et
877 1705 971 1788 plane
992 1717 1193 1788 repetuntur,

196 1828 276 1890 quae
297 1805 351 1870 hic
367 1808 513 1892 legimue.
565 1809 630 1871 Pro
653 1821 772 1870 tectum
794 1828 862 1870 non
888 1807 947 1892 (ut
960 1807 1026 1868 dixi
1043 1807 1079 1868 in
1093 1808 1193 1884 nota)

196 1909 261 1970 sine
278 1909 431 1971 Gothano
444 1921 564 1970 rectum
577 1909 630 1971 hic
648 1911 701 1972 dat
716 1909 799 1972 Vols.
818 1925 851 1982 2,
878 1909 929 1970 led
947 1922 981 1970 et
1002 1927 1057 1978 ιο,
1080 1922 1119 1989 3,-
1136 1919 1189 1988 ι5.

196 2009 254 2072 ubi
273 2007 411 2072 vitiffun
435 2011 521 2072 nulla
539 1989 684 2076 Gothani
704 2013 840 2074 mentio.
893 2010 1015 2073 Contra
1032 2009 1115 2074 lens.
1138 2009 1193 2096 (2,

204 2131 216 2169 a
230 2131 258 2183 1,
284 2108 345 2194 4.)
372 2124 499 2182 tectum.
522 2133 591 2174 nou
605 2125 732 2186 rectum,
758 2127 796 2174 ut
808 2126 912 2176 narrat
926 2110 1022 2175 Geso.

276 2277 318 2331 a,
352 2279 411 2332 re.
443 2283 498 2327 to.
523 2261 633 2344 pedem
648 2225 1046 2356 m.femarsscoe&re.
1096 2261 1191 2324 Adde

194 2363 233 2424 ad
250 2379 320 2432 not.
340 2384 411 2426 emt
434 2364 486 2430 Ne
501 2365 565 2448 ipse
578 2367 710 2448 quidem
726 2369 792 2452 Qu.
804 2365 822 2438 ,“
836 2379 983 2448 tempore
998 2363 1020 2426 li
1035 2365 1105 2435 fiat,
1129 2367 1189 2426 im·

193 2465 306 2546 probat
321 2465 390 2528 vid.
411 2487 466 2536 aa.
492 2481 525 2548 5,
557 2482 638 2547 125.
676 2470 727 2531 De
739 2469 820 2551 pede
834 2467 957 2530 ibidem
969 2470 999 2547 §.
1018 2471 1099 2546 128.

268 2633 301 2688 2,
334 2633 391 2688 12,
421 2639 476 2682 ιι.
504 2618 684 2682 tribuerunt
698 2633 732 2681 et
746 2622 884 2698 iateptos.
913 2613 1019 2680 Guell.
1037 2631 1069 2680 et
1080 2617 1189 2682 Turio.

192 2721 350 2781 omittunt
372 2733 499 2782 etcum
521 2723 605 2785 illm.
628 2723 730 2785 Goth.
747 2719 833 2783 voli.
852 2741 883 2782 1.
899 2735 932 2782 Ω.
958 2731 991 2781 et
1012 2719 1085 2781 edd.
1104 2715 1186 2780 lerff.

189 2825 261 2900 (tae.
275 2819 388 2898 Gelu.)
405 2823 618 2904 omnibusque
631 2839 704 2890 ente
718 2823 843 2906 Gryph.
859 2823 950 2891 meis,
973 2821 1061 2904 quod
1075 2839 1191 2882 verum

190 2922 347 2985 exillimo.
400 2923 474 2986 elio
492 2937 599 2988 tamen
618 2927 690 2990 loeo
707 2925 852 3010 pluribus
867 2925 910 2986 ite
922 2923 1136 3006 praemittitur
1156 2933 1189 2984 et

190 3039 224 3096 2,
256 3039 316 3100 17,
342 3035 379 3102 8.

266 3173 307 3228 2,
342 3168 405 3235 13.
438 3171 474 3242 9.
515 3177 627 3238 nempe
650 3155 742 3220 enim.
793 3157 916 3220 Eadem
941 3157 1120 3242 itmguntur
1149 3147 1189 3214 ab

191 3272 318 3322 auctore
333 3257 418 3321 Dial.
436 3259 478 3320 de
494 3279 575 3322 corr.
593 3258 700 3342 eloqu.
715 3277 742 3322 c.
759 3271 818 3340 55.
855 3258 1007 3340 „Nempe
1020 3257 1110 3320 enim
1123 3251 1189 3314 duo

190 3369 362 3446 ‚‚genera.“

266 3509 300 3565 a,
333 3502 388 3572 15,
415 3508 450 3572 9.
477 3489 610 3574 alioqui.
664 3489 792 3552 Eodem
805 3483 940 3550 fereulu
959 3500 992 3558 α,
1024 3503 1054 3556 ι,
1079 3491 1116 3564 4.

269 3640 303 3696 2.
336 3637 390 3702 ις,
415 3635 475 3704 23.
500 3623 694 3686 delictionis.
746 3619 839 3682 Adde
856 3619 895 3680 ad
914 3631 985 3681 not.
1003 3614 1073 3680 e'x.:
1100 3615 1192 3700 Quae

193 3736 227 3785 et
244 3722 300 3788 hic
321 3729 393 3790 dico
411 3739 444 3787 et
461 3739 573 3807 repeto
587 3724 625 3786 ad
644 3726 674 3804 ς.
690 3731 755 3806 34,
782 3735 926 3808 pugnant
940 3739 1016 3782 eum
1029 3719 1086 3786 iia.
1112 3735 1192 3800 quae

194 3828 225 3904 ς.
245 3837 298 3907 tq.
316 3827 428 3890 diserte
441 3826 626 3888 tribuuntur
640 3825 866 3910 Hermagorae.
917 3823 996 3900 Ejue
1016 3819 1105 3884 euim
1126 3819 1196 3881 fini·

196 3927 321 3992 tionem
333 3929 412 3990 dum
429 3925 596 3991 manifesto
612 3929 716 4006 rejicit
734 3927 982 4012 Quintilianue,'
998 3941 1066 3986 non
1086 3921 1196 4005 potuit

194 4027 337 4104 ejusdem
351 4029 429 4101 effe,
452 4049 549 4113 quem
568 4031 700 4114 reliquie
720 4029 874 4092 omnibus
893 4023 1078 4112 meimet.
1129 4021 1194 4086 Ne·

783 4128 799 4192 l
824 4145 845 4193 a
