2596 4710
217 321 281 393 sn,
452 307 507 377 M.
535 310 634 377 rau.
664 307 975 402 Qumrunm

218 493 315 567 alios
329 491 586 570 barbarismos
593 486 798 603 scribendo
815 491 921 582 lieri,
945 493 1045 569 alios
1064 493 1227 592 iconem

217 611 296 684 do?
323 610 462 708 (quia,
492 610 603 707 quod
627 611 728 683 male
749 608 952 696 scribitur,
979 610 1083 690 male
1102 611 1222 684 etiam

219 722 300 797 dici
322 722 470 798 necelle
494 722 566 813 est;
604 726 677 823 qui
697 722 837 800 vitiose
853 725 1014 812 dixerit,
1043 750 1127 799 non
1143 727 1222 799 uti·

220 863 299 937 que
325 854 363 912 et
383 837 527 939 scripto
549 839 710 939 peccat)
739 840 845 913 illud
867 842 977 938 prius
1000 839 1224 936 adjectione,

219 954 464 1042 detractione,
486 961 755 1043 immutatione,
777 949 1117 1062 transmutatione,
1144 954 1223 1029 hoc
1253 944 1259 959 ’

218 1065 507 1158 ίεοιιηάυηῌ
480 1066 703 1177 divisone,
711 1097 819 1168 comp
820 1071 985 1158 dacione,
1013 1061 1224 1176 aspiratio-

196 1204 287 1270 7ne‚
301 1177 404 1292 sono
422 1188 642 1261 contineri?
702 1185 796 1273 Sed,
820 1200 865 1259 ut
879 1209 999 1284 parva
1016 1181 1091 1258 lint
1106 1184 1221 1273 haec,

218 1302 334 1398 pueri
350 1299 545 1376 docentur
566 1301 716 1386 adhuc,
748 1315 786 1374 et
807 1302 1078 1399 granunatico's
1101 1297 1223 1377 officii

219 1411 282 1490 sui
317 1440 629 1490 commonemus.
693 1420 748 1488 Ex
784 1417 929 1513 quibus
967 1413 994 1490 fi
1025 1415 1115 1514 quis
1145 1415 1222 1488 erit

218 1528 335 1628 plane
369 1531 594 1629 impolitus,
633 1546 672 1603 et
700 1529 944 1604 vestibulum
974 1528 1097 1605 modo
1128 1531 1223 1604 artis

219 1643 339 1734 hujus
376 1641 588 1743 ingrellus,
625 1648 727 1719 intra
756 1647 870 1733 haec,
903 1669 1004 1744 quae
1032 1641 1222 1745 profiten-

220 1759 321 1832 tium
346 1762 680 1837 commentariolis
703 1763 860 1860 vulgata
881 1757 989 1847 lunt,
1019 1754 1219 1836 consistet:

139 1865 149 1873 ⁶
221 1871 417 1949 doctiores
447 1878 572 1950 multa
594 1875 797 1967 adjicient:
835 1877 902 1948 vel
922 1876 999 1950 hoc
1022 1876 1223 1974 primum,

133 1988 332 2085 quod
353 1984 631 2099 barbarismum
648 1992 830 2090 pluribus
847 1989 977 2065 modis
996 1991 1219 2119 accipimus.

155 2106 423 2194 ·'8Unum‚
412 2132 455 2179 1n
483 2123 620 2210 gente,
657 2105 857 2205 qualelit‚
897 2105 1036 2203 liquis
1064 2098 1222 2210 Afrum

220 2219 286 2292 vel
301 2212 522 2327 Hispanron
533 2224 692 2296 Latinae
709 2223 880 2297 orationi
897 2246 1045 2294 nomen
1060 2217 1222 2294 inserat:

119 2362 122 2369 ·
221 2348 266 2408 ut
286 2330 457 2423 ferrum,
493 2363 575 2435 quo
601 2353 707 2412 rotae
730 2339 986 2423 vinciuntur,
1019 2332 1100 2410 dici
1125 2332 1222 2409 solet

110 2550 114 2556 ι
221 2447 400 2541 caiatiam
449 2477 676 2550 quanquam
712 2476 783 2536 eo,
824 2467 1010 2550 tanquam
1049 2465 1263 2548 1·ecept0,53

221 2565 350 2639 utitur
372 2563 532 2643 Perlius.
571 2565 668 2642 ficut
689 2568 870 2643 Catullus
893 2567 1102 2664 ploxenum
1124 2567 1227 2676 circa
1252 2588 1259 2601 ¹

220 2791 348 2852 fuissent,
370 2795 420 2847 nist
441 2794 596 2865 antiquitus
618 2792 709 2847 laltern
731 2793 848 2848 licuisset
872 2810 897 2847 ct
918 2793 1046 2870 genitivo
1061 2810 1088 2848 et
1102 2779 1224 2847 ablativo

221 2876 336 2953 jungere
359 2875 392 2931 ro*
416 2880 520 2950 dignas.
564 2879 682 2931 Fortass'e
696 2880 777 2932 metri
792 2878 912 2932 vinculis
929 2878 1076 2938 (labemur,
1099 2877 1174 2949 quod
1195 2876 1225 2928 iu

226 2962 316 3034 poetis
338 2964 427 3014 rarius
453 2960 595 3014 obliterata
618 2962 653 3016 cll
666 2961 712 3015 illa
728 2963 859 3017 lirnctnra
877 2963 1005 3040 genitivi.
1048 2963 1118 3015 Boni
1135 2977 1224 3014 tamen

226 3045 314 3099 codd.
331 3047 413 3098 etiarn
429 3046 457 3098 in
475 3047 667 3118 scriptoribus,
690 3049 767 3122 prola
786 3048 943 3106 utentibus,
966 3045 1124 3105 vindicant,
1146 3044 1225 3097 utin

224 3129 312 3184 Livio
327 3138 355 3200 4,
374 3143 422 3196 57,
442 3150 465 3181 1.
484 3134 623 3184 raemoriae
639 3132 735 3204 digna,
758 3132 807 3184 nbi
821 3131 889 3184 vido
903 3128 1162 3184 Drakenborchum.
1188 3131 1226 3182 Et

162 3238 165 3245 ·
224 3231 259 3266 rre
275 3214 376 3281 ncceffe
391 3214 503 3285 quidem
519 3216 555 3270 est
575 3215 602 3267 h.
618 3214 636 3267 l.
659 3217 816 3293 genitivum
832 3215 933 3270 referre
949 3213 983 3268 ad
998 3216 1115 3287 dignum.
1160 3215 1227 3266 Pen-

223 3296 288 3350 dere
304 3316 367 3350 cum
392 3314 477 3371 puto,
500 3317 562 3351 curn
589 3298 691 3359 Badio,
714 3320 728 3352 a
751 3319 819 3352 voce
842 3298 998 3376 proruiffom
1024 3299 1180 3371 indignum
1195 3299 1226 3349 lit

182 3374 185 3379 ’
223 3381 364 3454 separatim
380 3385 508 3455 positum,
526 3399 557 3437 ut
571 3383 649 3437 facilc
666 3403 699 3437 ex
715 3384 850 3452 adjunctis
869 3384 1048 3460 intelligatur.
1080 3380 1124 3434 Sic
1138 3379 1227 3435 noster

71 3466 75 3471 ”
172 3484 175 3488 ’
228 3484 274 3524 ιι,
291 3479 317 3532 3.
339 3478 395 3537 ¹48
416 3468 534 3526 „Comae
550 3469 680 3539 componi
694 3499 733 3510 -
749 3470 825 3524 lierni
841 3471 955 3539 dignuin
965 3482 1039 3524 erat,
1056 3465 1228 3543 graviter-

224 3549 363 3609 „vetuit.‘·
417 3552 509 3604 Etiam
533 3551 562 3602 id
586 3553 612 3603 iu
639 3553 769 3624 scriptura
790 3549 930 3628 promiffor
951 3549 1055 3624 placet,
1085 3549 1162 3621 quod
1187 3549 1228 3619 liic

225 3651 378 3707 pronomen
395 3636 430 3686 est
446 3637 474 3686 iu
491 3656 536 3691 ca,
559 3655 614 3686 uon
629 3636 792 3690 adverbium
808 3634 877 3694 loci,
900 3650 930 3687 ut
946 3636 974 3686 iu
990 3647 1106 3706 recepta.
1150 3634 1230 3685 Hanc
1262 3704 1265 3709 ι

226 3731 333 3779 umen,
357 3721 505 3773 aGelnero
522 3740 535 3769 c
552 3734 620 3770 vctt.
637 3719 698 3774 cdd.
715 3735 880 3777 revocatam,
903 3719 1022 3790 reliqui,
1044 3731 1074 3770 ut
1090 3716 1229 3770 tironibut

225 3800 386 3856 faciliorem.
513 3803 668 3867 adjactione.
700 3806 765 3857 Non
782 3803 827 3855 dat
844 3823 895 3875 pro
912 3803 964 3854 lroc
979 3801 1065 3854 (arth.
1081 3799 1230 3860 additione,

227 3900 261 3941 ut
274 3887 359 3941 refert
375 3888 453 3943 Gelu.
462 3922 471 3945 ,
492 3905 581 3958 neque
597 3887 670 3941 ullus
686 3887 771 3948 Cori„
793 3892 840 3940 etli
854 3886 990 3960 plurimae
1005 3885 1066 3942 edd.

269 4067 382 4145 Poſsm.
405 4071 458 4123 sat.
473 4081 501 4135 5.
517 4086 606 4134 v.71.
622 4074 708 4131 „Ver-
749 4074 920 4132 ‚‚caarlrum.“
956 4071 1056 4126 Afrum
1081 4090 1116 4124 au
1135 4068 1234 4143 Hispu-

228 4160 351 4213 „tentem
382 4155 433 4207 lese
455 4154 553 4207 fridira
572 4157 707 4212 sectabere
749 4175 820 4210 num
836 4157 889 4210 lroe
904 4157 1052 4211 crediderit
1063 4154 1232 4212 vocabulum
