2596 4710
205 267 310 322 xcxv
533 246 874 323 PRAEFATIO.

207 464 354 540 magno
378 431 606 540 praesertim
626 436 720 514 curn
742 463 791 515 eo
813 438 986 514 aliorum
1001 429 1113 542 frugi
1130 442 1214 519 Co·

205 573 346 650 dicum
367 570 568 651 consensu.
625 571 740 649 Visus
757 575 868 647 enim
889 556 978 651 sum
992 577 1102 651 2milri
1119 579 1214 676 plu·

206 712 350 786 rimam
373 706 677 809 Guelferbytani
700 708 880 808 primum
898 694 999 787 cum
1013 709 1214 801 Bemenfi,

173 908 176 912 .
205 843 519 920 animadvertere
541 843 879 934 convenientiam,
916 845 1064 920 deinde
1092 848 1213 919 etiam

206 1002 301 1053 oum
314 974 501 1053 voffianis
514 971 648 1077 primo'
666 990 707 1052 e't
723 981 852 1054 tertio.
911 981 1104 1080 Exemplo
1120 977 1213 1055 lunt

204 1110 422 1212 scripturae
451 1112 568 1186 valde
600 1110 802 1188 mirabiles
830 1131 875 1201 5,
904 1130 952 1200 8,
983 1122 1021 1208 4.
1063 1114 1145 1189 ιὼἱ
1165 1115 1212 1190 in
1291 1143 1296 1155 ·

204 1243 312 1323 hisce
345 1259 518 1346 quatuor
544 1241 638 1320 lolis
666 1237 747 1351 sas
777 1242 833 1319 est
864 1272 938 1346 pro
972 1273 1058 1336 eas,
1114 1250 1213 1328 item

205 1387 239 1478 §.
270 1405 329 1459 12.
363 1373 605 1487 postulanda
629 1403 711 1478 .pro
744 1374 930 1488 postulat.
1019 1386 1103 1457 Hos
1136 1406 1211 1480 ego

205 1518 331 1592 libros
361 1537 384 1589 e
419 1511 768 1614 praestantioribus
805 1490 996 1616 exerirplis
1030 1512 1211 1591 transcri-

206 1667 296 1754 ptos
315 1646 508 1740 existimo,
535 1648 658 1746 quam
679 1651 912 1729 Gothanum
931 1666 970 1723 et
987 1648 1212 1727 Voffianum

203 1783 439 1862 secundum.
507 1785 610 1859 Sunt
628 1785 739 1858 enim
760 1779 844 1859 fere
873 1809 1017 1861 eorum
1042 1783 1211 1886 scriptu·

132 1982 135 1988 .
204 1946 272 1996 rae
296 1919 517 2009 doctiores,
575 1916 839 2017 difficiliores,
896 1918 1072 2020 denique
1103 1921 1211 2011 talea,

205 2081 308 2157 quae
336 2072 602 2133 correctorem
624 2053 857 2129 recentioris
879 2057 969 2130 aevi
993 2057 1129 2133 minue
1151 2080 1212 2130 ar·

207 2195 341 2294 guent
400 2194 505 2268 Cum
533 2196 614 2286 jam
642 2212 803 2264 omnem
829 2187 982 2283 borum
1013 2190 1214 2268 Codicum

207 2329 438 2405 varietatem
453 2320 730 2425 excerpfillem,
751 2321 851 2397 facta
864 2323 969 2397 mihi
986 2323 1042 2399 est
1062 2314 1214 2403 iterum

207 2487 280 2565 per
310 2459 511 2539 Wolfium
531 2461 646 2560 copia
672 2456 768 2531 libri
790 2457 1018 2552 cujusdam,
1054 2463 1128 2561 qui
1151 2463 1215 2538 vi·

208 2596 329 2672 detur
349 2593 624 2699 antiquillnnis
645 2588 916 2669 accensendus.
975 2592 1085 2672 Mifit
1100 2598 1213 2673 enim

209 2736 260 2812 ad
278 2760 344 2811 ma
366 2759 441 2834 pro
459 2758 522 2820 ea,
551 2755 630 2830 qua
655 2726 796 2803 studiis
816 2731 915 2804 meis
935 2727 1061 2820 favet,
1091 2730 1214 2807 bene-

207 2871 386 2947 volentia
407 2867 660 2943 collationem
679 2864 837 2963 aliquot
860 2863 1060 2941 librorum
1084 2890 1107 2941 e
1132 2869 1213 2946 Co·

208 3005 365 3082 dicein
385 2996 592 3077 Turicenfi
614 2999 856 3075 bibliotheca
880 2999 1070 3105 repofit0‚
1112 3005 1213 3079 olim

48 3208 52 3221 .
210 3154 386 3218 curatam
413 3136 462 3211 ab
495 3138 621 3211 amico
650 3132 724 3210 suo
750 3149 790 3208 et
816 3133 999 3209 auditore
1030 3139 1213 3215 Sulzber.

210 3299 306 3378 gero
332 3278 378 3348 V.
401 3276 448 3349 R.
474 3268 627 3372 pastore
643 3267 861 3358 Turicenfi,
895 3268 1136 3370 fignificans,
1172 3273 1212 3351 se

210 3410 361 3510 reliqui
396 3407 527 3509 operis
554 3406 780 3480 varietatem
811 3429 859 3478 ex
889 3404 969 3479 hoo
992 3406 1078 3506 ipso
1105 3411 1212 3487 libro

209 3545 336 3634 mihi,
378 3540 658 3625 livideretur,
696 3540 1014 3637 impetraturum.
1103 3552 1215 3652 Quae

210 3672 394 3785 promiffa
418 3702 512 3752 cum
534 3673 792 3749 vehementer
813 3674 1088 3773 amplecterer,
1118 3694 1219 3758 coni

213 3815 365 3891 ciliavit
395 3810 500 3887 mihi
527 3810 664 3884 virum
692 3805 1033 3900 humanissimum,
1089 3839 1216 3914 quem

211 3948 366 4052 ingenii
387 3960 429 4022 et
452 3943 656 4024 doctrinae
681 3943 894 4048 elegantia,
932 3946 1057 4026 animi
1077 3965 1214 4028 antem
