2596 4710
174 332 248 418 με
410 320 937 415 n.ma.Qu1Nrn1am
1027 310 1032 325 '

175 517 325 615 optime
340 512 396 588 esl
411 511 606 587 creditus:
644 511 762 584 etiam
778 510 1024 610 Polycrates,
1056 535 1080 585 a
1096 538 1214 613 quon

174 629 357 730 scriptam
393 631 438 703 in
474 631 673 703 Socratem
715 625 891 700 diximus
934 629 1182 705 orationem:

175 762 215 820 et
232 744 472 820 Theodorus
488 743 722 842 Byzantiu3‚
754 766 802 816 ex
825 743 874 817 iis
890 756 929 814 et
948 741 1050 841 ipse,
1082 770 1182 844 quos

133 862 286 936 22Plato
323 849 496 959 appellat
531 854 799 959 heqedeetde‘hevc.
869 861 1031 932 Horum
1060 857 1183 960 prims

175 999 408 1052 communes
428 974 537 1050 locos
559 971 737 1072 tractasse·
754 974 964 1061 dicuntur,
993 978 1184 1075 Protago

177 1116 254 1179 ras,
298 1089 482 1188 Gorgias,
522 1090 733 1178 Prodicus,
775 1106 815 1163 et
851 1085 1180 1188 Thrasymachus.

175 1208 316 1282 Cicero
331 1207 374 1279 in
391 1208 515 1279 Bruto
533 1222 650 1306 negat
667 1220 755 1280 ante
775 1205 968 1279 Periclem
989 1202 1182 1304 scriptum
1202 1294 1206 1301 Ι

175 1320 415 1420 quidquam,
444 1319 556 1418 quod
572 1337 756 1396 ornatum
776 1321 997 1396 oratorium
1018 1319 1180 1395 habeat:

173 1442 260 1528 ejus
277 1436 409 1533 aliqua
426 1433 532 1508 ferri.
572 1434 770 1533 Equidem
785 1460 870 1511 non
887 1435 1044 1533 reperio
1062 1435 1182 1536 quid·

173 1576 294 1649 quam
314 1565 419 1623 tanta
440 1551 691 1648 eloquentiae
712 1547 817 1625 sama
836 1548 1026 1649 dignum:
1066 1550 1179 1628 ideo·

173 1689 253 1766 que
278 1666 414 1740 minus
434 1665 565 1740 miror
588 1661 681 1753 else,
715 1665 789 1764 qui
813 1664 919 1741 nihil
944 1666 991 1739 ab
1013 1691 1063 1744 eo
1083 1664 1175 1742 scri·

66 1986 69 1991 ,
214 1941 278 1980 aute
299 1926 434 1980 Periclem.
475 1922 569 1982 Guels.
592 1940 620 1981 et
639 1926 735 1982 Turio.
777 1924 915 1986 Periclea.
949 1922 1024 1979 mito
1048 1924 1179 1981 count.»

174 2009 313 2071 emnium.
334 2015 348 2082 (
355 2022 465 2085 praeter
480 2009 608 2066 (iethet
623 2011 699 2073 Vols.
715 2011 773 2079 2.)
796 2007 889 2068 Codd.
902 2022 932 2064 et
947 2006 992 2064 ed.
1006 2006 1096 2066 aner.

174 2227 325 2303 discipulae
346 2227 531 2305 Antiphontis
558 2228 656 2305 (quod
697 2244 827 2306 corrupte
846 2229 920 2305 ipse,
948 2246 982 2285 eo
998 2229 1075 2294 solo.
1100 2226 1174 2307 qud

174 2312 317 2373 eesutetie,
358 2312 410 2386 qui
446 2312 499 2368 alie
533 2329 655 2376 narrant.
695 2315 755 2390 post
786 2313 957 2389 Stephanum
986 2315 1116 2372 inserunt
1140 2330 1173 2369 οι

174 2396 292 2451 olleudit
311 2396 444 2470 Speeuiue
462 2395 481 2450 l.
499 2416 522 2451 c.
547 2418 575 2472 p.
591 2409 653 2468 600
696 2398 787 2457 Codd.
816 2398 922 2470 λῦγειν,
959 2400 1101 2474 persancti
1124 2398 1173 2455 vl!

156 2482 262 2555 seqq.)
281 2478 422 2554 praeclaro
434 2480 596 2558 magistrum
610 2501 656 2536 en·
695 2483 789 2539 eredo.
854 2483 975 2541 Fortasse
997 2486 1112 2562 greviue
1135 2481 1174 2537 ibi

174 2566 270 2621 comio
285 2565 398 2619 ornavit
416 2575 453 2636 8,
476 2565 525 2634 63.
694 2567 763 2622 latet
779 2567 900 2628 vulnus.
930 2581 963 2621 ut
977 2565 1174 2642 pluraliequo·

218 2649 377 2724 Polycrates
392 2650 574 2705 -diacimee
616 2648 652 2704 cs.
695 2671 751 2725 que
763 2652 849 2707 suerit
864 2654 894 2706 itt
908 2644 1122 2721 λψδαιδᾶλωε,
1145 2661 1172 2705 ee

173 2742 320 2806 e.17.q.
695 2734 759 2812 plue
788 2755 846 2791 uno
870 2724 1009 2792 vocabulo
1034 2732 1173 2794 intercide·

216 2809 595 2893 Theod.Byz.-heredead.
616 2818 651 2872 cs.
694 2822 742 2875 rit.

173 2916 202 2963 2,
227 2912 274 2970 ¹5·
297 2901 344 2957 16.
387 2905 481 2957 Locus
497 2903 653 2958 Platonicae
737 2907 792 2962 Cic.
808 2906 896 2963 ieRr.
928 2906 960 2961 C·
979 2922 1009 2975 7.

172 2985 209 3040 est
221 2986 252 3040 in
270 2984 396 3040 Phaedro
412 3007 439 3061 p.
452 2986 521 3042 266.
538 2990 570 3041 E.
587 2988 651 3061 Bip.
735 2994 905 3063 noereperio
920 3020 960 3032 -
974 2992 1097 3066 digitum.
1127 3001 1168 3048 ιιι

171 3089 199 3145 p·
219 3069 289 3143 364.
313 3085 342 3123 et
361 3071 477 3124 videtur
492 3069 592 3127 lubere
606 3069 654 3124 ali·
696 3088 725 3135 a,
748 3089 798 3135 ω,
824 3075 857 3127 it.
876 3089 931 3133 ια,
957 3093 1012 3136 ao,
1034 3085 1078 3149 49
1098 3072 1169 3129 forti·

172 3155 242 3228 quid
261 3154 366 3229 poetici
379 3155 490 3209 coloris.
534 3154 652 3220 (Nolim
695 3172 739 3211 ter
753 3157 1002 3235 negetquidquam
1021 3174 1116 3214 extare
1127 3160 1168 3212 Pe·

172 3253 265 3292 autom
287 3238 406 3314 Lyfinm
433 3240 475 3293 ibi
499 3258 551 3312 pro
577 3237 653 3314 Tifia
693 3241 778 3297 riclie.
820 3241 857 3296 Ei
871 3241 975 3296 accedit
989 3241 1167 3299 Ptuhnleniue

170 3323 242 3398 poni
278 3323 407 3376 suadente
435 3323 495 3396 post
523 3324 652 3377 Ficiuum
693 3325 724 3379 in
739 3324 808 3382 nie.
826 3325 897 3382 Ctit.
920 3326 989 3382 On.
1004 3328 1118 3402 Gru-p}
1133 3331 1167 3392 53

170 3408 300 3462 ῦοῡιετο.
365 3407 546 3480 Antiquioree
577 3408 653 3461 enirn
692 3410 765 3485 seqq.
785 3407 974 3484 locupletibus
992 3410 1167 3466 subnixuete·

168 3489 213 3543 illi
228 3508 339 3551 omnes.
366 3489 459 3544 [altem
480 3509 547 3546 natu
566 3493 654 3563 majo·
693 3492 794 3554 ilibus,
825 3493 870 3548 sed
885 3494 1022 3550 Cicerone
1040 3496 1164 3568 majorem

169 3593 230 3632 ree,
258 3576 349 3647 Lysia.
399 3576 502 3645 Rejicit
523 3576 654 3630 mutatio·
693 3576 777 3632 sidem
799 3576 918 3632 habente
935 3579 989 3641 iie,
1015 3598 1085 3653 quae
1100 3575 1166 3633 Peri·

169 3674 234 3710 nem
251 3657 408 3731 Stephanus
423 3664 561 3734 quoque.)
594 3660 654 3715 Uti·
692 3660 989 3717 elieseteenturllrnt.
1012 3684 1036 3718 c
1053 3679 1079 3730 7.
1094 3659 1164 3716 etde

168 3754 265 3794 turco
280 3743 340 3797 Cic.
356 3741 435 3797 Orat.
456 3762 479 3797 c.
498 3760 544 3796 12.
567 3764 651 3817 quem
693 3746 745 3803 Or.
763 3760 790 3807 2,
817 3761 866 3800 22.
910 3751 955 3802 An
969 3748 1163 3804 inuectam

167 3824 258 3900 igitur
273 3825 433 3898 respiciebat
452 3828 550 3882 noster.
596 3829 651 3883 Mi·
692 3831 736 3883 uie
758 3845 787 3883 et
803 3829 971 3903 Quintiliani
987 3847 1103 3887 teretem
1123 3827 1162 3881 de·

166 3925 216 3961 ror
230 3922 321 3961 tamen
339 3925 491 3984 utrumque
511 3911 650 3985 plutelem
691 3914 800 3989 perdita
827 3915 940 3969 Periclis
972 3936 1040 3971 vera
1067 3907 1161 3989 opere?

164 3990 231 4044 dare
247 3984 471 4060 λογοὸαιδάλους,
493 4017 555 4051 cum
573 3995 647 4070 apud
690 4001 758 4055 Non
778 4014 858 4073 puto.
924 4000 1043 4056 Consule
1065 3999 1098 4053 de
1118 3996 1161 4049 hic

163 4074 308 4128 Platonem
327 4080 360 4131 ht
380 4080 525 4157 singularis
540 4081 575 4135 de
590 4080 647 4136 solo
689 4081 869 4138 dubitatione
891 4084 972 4140 fabr.
993 4083 1068 4141 Bibl.
1088 4076 1159 4139 flat

162 4157 323 4216 Theodoro.
388 4163 482 4222 Verba
515 4164 645 4226 Platonis.
687 4165 798 4227 Vol-2.
821 4170 996 4244 p.7461eq.
