2596 4710
331 312 454 383 rusa.
479 313 689 389 ornron
715 317 806 395 ata.
829 316 903 401 111,
936 339 967 384 1.
1082 329 1157 410 419
1224 378 1226 384 .

150 496 312 599 sophiae
351 501 523 577 carmine
555 498 630 577 ello
665 468 939 604 compleamur:
980 527 1155 607 namque

149 614 243 705 hac,
271 631 318 690 ut
331 613 386 688 est
403 631 566 707 notum,
590 613 850 695 similitudine
868 619 1015 697 utitur:

227 784 275 850 Ac
297 784 398 847 veluti
419 788 527 868 pneris
552 782 719 878 abfinthia
743 800 830 849 tetra
855 786 1013 850 moderates

227 885 314 948 Cum
340 884 417 948 dore
441 899 616 960 conantur,
639 889 731 970 prius
752 910 828 951 oras
851 889 969 970 pocula
982 889 1102 952 circum

224 979 383 1079 Aspirant
406 988 506 1053 mellis
530 989 616 1052 dulci
629 984 789 1079 flavoque
815 991 945 1076 liquore,
1113 1002 1116 1007 '

149 1151 191 1213 et
218 1161 320 1237 quae
347 1134 578 1237 sequuntur.
647 1140 725 1216 Sed
752 1166 826 1217 nos
855 1166 1062 1230 veremur,
1098 1161 1178 1223 nen

146 1277 292 1354 parum
312 1250 380 1328 hic
402 1254 505 1328 liber
520 1257 669 1343 mellis,
699 1271 738 1329 et
756 1254 942 1333 absinthii
962 1258 1153 1345 multum,

147 1367 294 1444 habere
309 1367 503 1459 videatur,
517 1366 641 1470 fitque
654 1367 849 1447 salubrior
862 1370 1014 1459 studiis,
1031 1394 1154 1471 quam

146 1480 318 1559 dulcior.
385 1486 496 1589 Quin
523 1489 640 1560 etiam
667 1485 746 1562 hoc
770 1488 913 1575 time0,
949 1510 1001 1561 ne
1027 1511 1076 1560 ex
1102 1510 1151 1562 eo

145 1598 348 1674 minorem
366 1601 531 1700 gratiam
550 1603 675 1689 ineat,
711 1599 824 1700 quod
847 1603 1038 1702 pleraque
1066 1625 1153 1677 non
1178 1636 1185 1649 ·

146 1713 312 1790 inventa
327 1739 400 1814 per
416 1739 499 1803 me,
529 1712 597 1791 sed
613 1717 661 1791 ab
683 1717 769 1791 aliis
792 1715 951 1805 tradita,
974 1718 1153 1793 coutine-

145 1826 226 1904 bit:
264 1828 404 1904 habeat
426 1832 544 1905 etiam
564 1831 778 1932 quosdam,
815 1835 888 1931 qui
911 1848 1046 1907 contra
1066 1828 1157 1906 sen-.

144 1944 248 2020 aiant
267 1960 306 2018 et
322 1942 597 2035 adversentur,
617 1961 826 2046 propterea
850 1946 963 2045 quod
983 1946 1152 2047 plurimi

147 2074 344 2147 auctores,
370 2063 552 2158 quamvis
566 2060 708 2137 eodem
724 2060 950 2149 tenderent,
978 2058 1152 2135 diversas
1255 2085 1257 2090 ·

102 2188 280 2251 atamen
296 2177 379 2251 vias
394 2176 647 2267 munierunt,
663 2192 781 2277 atque
794 2176 839 2251 in
854 2172 964 2279 suam
981 2177 1152 2277 quisque

211 2394 369 2446 munierant.
412 2391 457 2446 stc
473 2391 677 2448 Guelf.’1’urio.
695 2405 724 2446 et
739 2390 829 2448 codd.
845 2389 987 2467 plerique.
1008 2391 1063 2447 nili
1074 2390 1153 2465 quod

118 2507 121 2512 ·
144 2475 223 2533 von.
241 2490 268 2528 a.
292 2495 356 2529 cum
380 2474 488 2548 aliquot
511 2475 574 2532 edd.
593 2491 663 2531 vett.
678 2475 725 2530 dat
738 2481 901 2532 inveneram.
942 2477 1074 2532 Francius
1089 2495 1153 2530 con·

144 2560 213 2632 jecit
227 2563 356 2620 inierunt,
377 2559 511 2634 probante
524 2563 702 2622 Bormanon,
722 2575 751 2615 et
765 2575 877 2614 auctore
891 2561 974 2616 etiam
992 2562 1065 2617 iacto
1081 2560 1152 2616 cod.

146 2643 234 2700 Goth.
252 2663 335 2716 qaaere
350 2645 453 2718 recepit
469 2646 619 2705 Geluerut,
642 2645 694 2718 qui
713 2644 784 2699 hana
797 2644 961 2719 [cripturam
979 2661 1007 2699 et
1019 2646 1091 2704 Jens.
1107 2644 1150 2703 ed.

146 2728 285 2804 praeferre
304 2743 411 2792 noram
439 2728 505 2783 fallo
527 2729 591 2792 ille;
622 2729 657 2782 est
672 2731 745 2782 enim
762 2727 855 2788 inea,
878 2731 1152 2789 utTa1·v.etVen.‚

146 2817 311 2870 invenerunt.
355 2813 511 2884 Equidem,
533 2812 671 2868 deserente
687 2812 851 2867 Gothnuam
874 2814 952 2867 suurn
967 2813 1096 2868 Vossiano
1114 2828 1152 2873 α..

146 2909 257 2952 merum
274 2915 396 2950 errorem
410 2912 480 2971 puto
495 2900 624 2956 inierunt.
644 2916 697 2973 pro
713 2901 875 2952 invenerunt.
920 2896 1077 2952 Gothauam
1091 2896 1154 2951 scri·

146 2995 260 3057 pturarn
283 2980 356 3034 mihi
380 2979 516 3036 diffundet
543 2980 598 3055 ipse
621 2982 704 3033 etiam
734 2981 863 3049 (fateor)
891 2995 988 3034 auctor
1010 2981 1150 3035 Francius.

146 3067 248 3138 Neque
269 3084 332 3120 cum
353 3065 509 3121 Burmanni
532 3079 592 3119 tum
609 3064 721 3119 Gesneri
742 3077 904 3143 argumenta
928 3062 1051 3118 multum
1069 3064 1165 3139 prot-v

147 3166 210 3204 cere
230 3149 373 3204 videntur.
414 3148 497 3224 Quod
519 3149 593 3202 enim
615 3168 682 3203 mox
705 3148 750 3218 (l.
768 3147 808 3220 6)
823 3144 929 3223 ingreffi
941 3146 1024 3221 sane,
1045 3146 1075 3200 id
1091 3150 1153 3220 qni·

148 3232 213 3288 dem
232 3252 331 3308 parum
353 3233 387 3288 ad
408 3252 482 3290 rem:
511 3235 573 3290 lunt
593 3234 668 3288 enirn
682 3233 705 3288 ii
719 3230 861 3308 discipuli.
882 3250 947 3305 'uon
964 3231 1100 3310 magistai3
1123 3247 1152 3288 at
1191 3306 1196 3316 .

147 3402 307 3461 Lucretius.
324 3404 396 3459 Cum
404 3401 544 3478 aspirandi
551 3402 630 3479 signi·
671 3401 746 3455 anim
777 3399 851 3475 apud
880 3399 1063 3461 Lucretium,
1092 3418 1151 3475 quo

145 3487 275 3542 ficatione
290 3502 363 3542 recte
376 3487 483 3541 confert
493 3487 629 3544 Gesnerua
670 3484 783 3540 oonsilio
797 3486 851 3541 hoc
863 3485 921 3539 sut.

149 3568 278 3646 olj'ncern
293 3591 367 3626 nove
376 3587 404 3626 et
419 3572 507 3647 ipsum
520 3572 630 3646 uliupa·
713 3591 809 3643 parum
831 3600 872 3613 -
895 3569 1015 3623 multum·
1055 3567 1152 3643 Oppo-

149 3669 212 3709 tum
228 3675 242 3708 a
258 3658 382 3711 Varrone
401 3671 435 3718 2,
453 3671 487 3716 a.
508 3657 544 3711 16
553 3695 561 3717 ,
579 3654 629 3710 nbi
671 3670 777 3708 nuntnr
800 3652 966 3730 plerumque
991 3673 1089 3726 param
1108 3680 1152 3699 ···

148 3735 286 3815 ..olfacere
307 3741 383 3797 labra
404 3741 491 3796 lacta·
518 3740 555 3795 est
583 3743 629 3794 im·
669 3742 787 3793 niodum.
830 3737 884 3794 Sed
910 3752 939 3791 et
959 3735 1029 3790 alibi
1054 3758 1151 3809 parum

149 3824 228 3879 baete
251 3825 329 3879 labra
351 3826 432 3880 odore
456 3827 541 3881 lactis.
587 3827 629 3877 lta
671 3823 707 3876 est
720 3840 771 3897 pro
785 3820 1149 3901 paulumnoPlinPaneg.

147 3923 177 3963 et
192 3906 240 3963 hic
256 3905 393 3983 ‚aspirare
409 3911 493 3965 mellis
510 3911 629 3984 liquore⁴⁴
672 3922 722 3967 20,
743 3921 761 3975 3
783 3905 875 3969 „nihil
896 3920 945 3961 aut
966 3918 1039 3961 certe
1053 3926 1150 3980 parum

146 3990 310 4071 lignilloebit
346 3993 428 4049 odore
470 4009 498 4050 et
528 3991 630 4070 saporo
671 3989 1149 4057 ..intererat.“ci.diotaad1,a‚18.

147 4077 233 4132 mellis
254 4077 377 4133 imbuere.
650 4102 654 4109 ⁴
709 4073 854 4150 saltabunt.
898 4075 1035 4152 Quoniam
1065 4071 1150 4152 absin·

189 4176 217 4215 et
237 4189 279 4204 -
296 4158 454 4238 sequantur.
498 4161 631 4237 Sequitur
672 4160 757 4301 tiriolo:
768 4174 800 4298 let
812 4160 904 4239 ipsum
917 4157 1033 4219 salubre.

761 4265 768 4297 a
802 4258 820 4300 Ἀ
