2596 4710
213 320 285 389 230
449 299 506 373 n.
529 301 630 371 aaa.
658 300 972 449 unanimum

210 487 441 591 frequenter
460 491 504 562 in
521 487 659 564 causas.
690 513 782 563 nam
796 489 846 565 de
862 488 1039 562 terminis
1052 483 1213 563 mensu·

213 608 347 706 risque
362 601 453 680 sum
464 602 573 679 lites:
597 602 666 681 sed
677 603 795 678 habet
807 610 998 693 maiorem
1011 600 1212 702 quandam

28 724 38 747 ³
167 722 334 797 aratiam
361 746 455 794 cum
481 735 561 792 arte
591 720 760 795 oratoria
789 721 1074 817 cognationem.
1130 720 1215 799 lam

85 840 88 845 ’
213 837 394 938 primunt
406 832 506 911 ordo
522 832 577 908 est
588 838 826 940 geometriae
838 830 1088 908 necessarius:
1111 857 1214 906 non·

214 974 267 1026 ne
294 965 333 1023 et
361 949 625 1047 eloquentiae?
680 953 738 1022 Ex
767 949 966 1048 prioribus
1000 948 1215 1048 geometria

215 1066 358 1166 probat
379 1061 644 1162 insequentia,
679 1079 719 1137 et
738 1066 851 1138 certis
874 1065 1041 1137 incerta:
1078 1086 1216 1137 nonne

93 1226 97 1233 ,
215 1178 262 1255 id
280 1182 325 1255 in
346 1178 517 1255 dicendo
534 1177 726 1254 facimus?
786 1178 921 1281 Quid?
952 1179 1020 1252 illa
1037 1174 1219 1277 propost-

217 1309 349 1369 tarum
369 1291 647 1392 quaestionum
669 1291 887 1380 conclusio,
915 1319 998 1368 non
1016 1308 1105 1366 tota
1133 1288 1218 1366 sere

218 1406 367 1485 constat
390 1405 652 1508 syllogismis?
679 1395 842 1508 propter
864 1408 976 1506 quod
995 1409 1132 1508 plnres
1156 1409 1220 1481 in·

218 1525 373 1611 venias,
399 1516 486 1622 ¹'qui
514 1522 737 1599 dialecticae
775 1522 958 1610 similem,
998 1546 1118 1620 quam
1145 1522 1219 1621 qui

217 1638 456 1725 rhetoricae,
486 1634 680 1711 fateantur
698 1638 799 1712 hanc
818 1654 950 1711 artem.
1009 1641 1160 1711 Verum
1179 1651 1219 1711 ct

219 1768 369 1840 orator,
410 1749 558 1827 etiamsi
579 1777 688 1842 raro,
726 1778 809 1828 non
837 1769 967 1826 tamen
990 1760 1219 1849 nunquam,
1257 1817 1260 1825 .

173 1867 405 1967 ttprobabit
429 1865 641 1943 dialectice.
702 1870 808 1942 Nam
836 1884 875 1941 et
904 1863 1162 1967 syllogismis,
1189 1864 1219 1941 si

218 2008 281 2059 res
297 1979 447 2082 poscet,
472 1997 625 2057 utetur:
654 1998 693 2055 et
709 1998 811 2056 certe
829 1981 1118 2080 etttlrymemrtte,
1146 1982 1221 2078 qui

219 2096 443 2177 rhetoricus
467 2095 523 2173 est
548 2094 809 2198 syllogismus.
869 2097 1056 2196 Denique
1077 2097 1222 2196 proba·

220 2213 400 2302 tionum,
436 2236 537 2310 quae
571 2209 662 2287 sunt
695 2211 993 2312 potentissimae,
1030 2222 1223 2315 γμμμικαι

220 2321 404 2425 ἀποδείξεις
429 2327 554 2425 vulgo
581 2327 781 2402 dicuntur.
822 2327 920 2424 quid
947 2342 1079 2402 autern
1098 2329 1224 2427 magia

177 2458 218 2521 ⁶9
226 2442 371 2529 oratio,
396 2465 515 2539 quam
532 2442 810 2543 probationem
824 2444 947 2543 petits
1002 2439 1109 2517 Falsa
1123 2468 1226 2541 quo·

222 2579 303 2654 que
327 2552 555 2629 verisimilia
586 2562 802 2661 geometria
827 2559 978 2632 ratione
1003 2557 1226 2656 deprehen·

222 2669 293 2745 dit.
352 2672 415 2747 Fit
428 2671 505 2745 hoc
522 2686 561 2745 et
572 2673 616 2745 in
632 2675 810 2748 numeris
824 2697 896 2772 per
910 2671 1110 2772 quasdam,
1127 2696 1226 2770 quas

223 2779 488 2892 ψυυδογςαφίας
502 2803 663 2876 vocant,
679 2788 824 2886 quibus
840 2790 958 2887 pueri
972 2786 1113 2862 ludere
1125 2784 1227 2863 sole·

288 2967 352 3025 lam
366 2970 488 3040 primum.
533 2967 625 3024 Guels.
644 2970 716 3023 Nam
730 2973 809 3042 prim.
852 2967 935 3023 Solut
949 2969 980 3021 ni
1001 2968 1020 3024 s.
1062 2967 1227 3037 Blendium,

223 3068 288 3107 mm
314 3051 371 3104 lam
390 3049 508 3129 frigeam
532 3052 574 3106 sed
592 3053 678 3108 obstat
699 3052 775 3125 quod
802 3054 939 3126 seqarentia
962 3053 1095 3109 dicuntur
1117 3054 1153 3115 de
1171 3072 1230 3119 tou

223 3139 390 3211 geometria,
410 3134 520 3189 nonde
537 3135 589 3195 sola
614 3129 710 3190 lineari
728 3141 845 3197 ratione,
867 3156 950 3209 qnam
966 3156 1016 3191 nos
1032 3139 1146 3211 quidem
1164 3140 1231 3203 sole-

223 3237 288 3279 mue
309 3238 398 3293 geom.
423 3218 568 3293 appellare.
612 3220 734 3278 Vicissim
758 3240 827 3294 quae
851 3236 1043 3277 memorantur
1061 3242 1129 3277 mox
1145 3225 1170 3293 §.
1189 3236 1230 3297 33

223 3318 331 3379 γραμμ.
351 3295 428 3360 (luas.
450 3305 538 3383 magia
559 3304 590 3358 aas
615 3306 740 3360 linearem
764 3322 815 3360 rat.
837 3305 919 3360 [olant
938 3309 1069 3387 spectant,
1090 3328 1174 3381 quam
1192 3310 1228 3373 ad

223 3403 381 3459 utramque.
557 3387 715 3464 γραμμικαὶ
738 3382 813 3444 rinos.
867 3389 959 3446 Gnell'.
985 3405 1012 3444 et
1038 3392 1126 3446 Goth.
1153 3399 1226 3465 (tae.

225 3470 327 3539 Gelu.)
359 3476 531 3544 granmrarire
558 3474 696 3547 apoaslxir.
734 3494 797 3529 cum
827 3473 901 3528 alm.
926 3490 954 3529 et
976 3475 1038 3529 edd.
1064 3478 1137 3535 Van.
1161 3477 1226 3535 Alai.

224 3559 337 3614 Rectam
369 3554 532 3626 scripturam
560 3557 739 3625 coniectando
765 3559 884 3613 restituit
907 3559 1030 3636 Regina.
1058 3561 1110 3634 qni
1132 3584 1229 3637 graece

224 3656 277 3713 pro
294 3658 402 3715 γριμμ.
419 3637 476 3718 legi
492 3644 548 3701 ait,
571 3657 602 3695 ut
620 3643 701 3696 estin
725 3645 791 3696 Loc.
815 3648 994 3715 (quenquam
1017 3643 1059 3698 ibi
1081 3659 1181 3719 grace)
1202 3664 1232 3704 et

224 3724 306 3778 Ruso.
349 3721 445 3779 Altero
469 3724 532 3779 loco
559 3738 594 3792 5,
618 3745 663 3786 ιο,
682 3742 709 3790 7.
733 3742 804 3780 recta
822 3729 953 3800 scriptura
969 3728 999 3780 in
1017 3729 1105 3784 eodd.
1119 3730 1229 3787 multia.

225 3808 301 3863 Sext.
318 3809 400 3880 Emp.
415 3826 444 3882 p.
462 3809 523 3879 526
542 3809 700 3887 γραμμικὸς
722 3842 761 3854 -
785 3804 997 3867 inclametur.

265 3959 328 4015 Jam
340 3962 461 4030 primum.
479 3955 595 4010 Inchoat
611 3957 707 4026 justam
787 3951 990 4030 γραμμᾲοἷκοδ.
1025 3960 1069 4018 Cs.
1087 3973 1116 4026 5,
1137 3981 1183 4022 ro.
1201 3978 1230 4029 7.

227 4059 280 4120 pto
304 4042 472 4122 geometriae
488 4041 611 4095 utilitate
628 4060 709 4119 argu·
792 4044 835 4096 sit
850 4046 899 4097 lroc
917 4072 958 4083 -
973 4065 1022 4117 per
1038 4073 1077 4088 -
1094 4038 1234 4123 suolmam

226 4127 437 4184 mutationem.
454 4124 509 4182 aad
521 4142 551 4181 v.
566 4138 626 4182 not.
636 4126 707 4184 crit.
748 4125 823 4198 φίας,
866 4128 980 4191 Miror,
995 4130 1021 4203 'st
1041 4123 1234 4209 ᾧινδογμφίιι
