2596 4710
307 313 429 383 uter.
455 294 663 387 oniron
688 312 780 385 un
806 312 881 402 111,
907 328 941 401 t·
1038 327 1131 411 elo

130 499 407 604 disponamus,
434 527 507 577 nec
526 497 766 604 disponunt
779 502 1035 605 eloquemur,
1062 501 1133 581 ted

130 623 251 694 etiam
277 620 409 693 verbis
431 615 598 693 formata
618 620 832 694 memoriae
852 616 1041 695 mandare
1061 618 1132 694 de·

128 735 281 809 bemus.
358 738 440 809 Hac
467 736 576 809 enim
600 734 751 822 omnia,
794 758 1058 836 quaecunque
1084 738 1129 811 in

129 850 354 927 orationem
382 848 521 924 colluto
551 845 666 937 lunt,
701 849 967 925 continentur.
999 852 1169 943 'Fue-u

128 979 228 1041 runt
248 966 368 1039 etiem
391 965 436 1037 in
463 963 537 1037 hac
563 964 756 1063 opinione
784 988 870 1039 non
892 964 1032 1064 pauci,
1062 979 1129 1043 ut

128 1078 310 1156 hasnon
336 1076 562 1154 Rhetorices
586 1094 716 1178 partes
746 1075 820 1151 elle
850 1065 1129 1169 eiristirnarent,
1249 1060 1294 1127 ἶ

128 1191 198 1281 sed
221 1216 340 1291 opera
363 1194 550 1267 oratoris:
599 1198 684 1282 ejus
703 1194 812 1267 enim
838 1187 912 1265 elie
931 1194 1127 1284 invenire,

129 1305 358 1407 disponere,
393 1305 552 1403 eloqui,
579 1320 619 1377 et
637 1319 774 1379 cetere„
831 1305 953 1412 Quod
974 1303 1003 1380 fi
1027 1311 1171 1385 acci-22

128 1426 284 1527 pimus,
321 1421 427 1496 nihil
451 1422 525 1494 arti
546 1419 831 1518 relinquemus.
898 1423 1005 1497 Nam
1028 1423 1130 1499 bene

129 1538 264 1615 dicere
281 1535 337 1613 est
358 1536 523 1613 oratoris
530 1561 541 1624 ;
570 1534 786 1610 rhetorices
806 1551 938 1610 tamen
957 1534 1012 1611 est
1029 1540 1131 1614 bene

130 1650 293 1728 dicendi
319 1649 498 1736 scientia:
544 1649 628 1738 vel,
665 1665 712 1726 ut
742 1651 811 1724 alii
835 1666 1000 1751 putent,
1039 1650 1131 1728 arti·

130 1765 216 1844 ficis
241 1765 295 1841 est
318 1764 571 1866 persuadere3
607 1767 670 1839 vis
693 1780 826 1840 autem
854 1763 1130 1866 persuadendi,

130 1885 234 1959 ortis.
293 1886 350 1956 lta
365 1885 534 1956 invenire
549 1877 714 1978 quidem
735 1896 775 1953 et
794 1874 1014 1988 disponere,
1042 1879 1131 1958 'ora-

105 2001 248 2088 ·toris;
299 2000 466 2072 inventio
491 2009 623 2069 autem
643 2010 684 2067 et
704 1987 923 2103 disposttio,
959 1997 1130 2074 rhetori·

131 2134 196 2190 ces
219 2113 381 2211 propria
402 2108 533 2185 videri
552 2106 688 2208 potest.
753 2112 800 2182 ln
827 2135 875 2185 eo
898 2111 1032 2209 plures
1051 2109 1171 2200 dil-13

130 2226 353 2314 senserunt,
392 2241 582 2301 utrumne
604 2223 678 2298 hae
698 2241 835 2323 partes
857 2221 977 2299 client
996 2226 1131 2302 rheto-

131 2345 254 2432 rices,
282 2366 332 2416 an
354 2340 531 2436 ejusdem
554 2364 693 2438 opera,
731 2363 782 2415 an
814 2344 885 2437 (ut
906 2340 1130 2419 Athenaeus

199 2644 256 2698 ttae
271 2644 348 2696 enim.
391 2639 478 2698 Goth.
505 2648 579 2713 (tac.
603 2641 706 2711 Gen.)
749 2640 807 2696 Hae
818 2657 908 2698 autem
927 2660 993 2699 cum
1007 2642 1083 2704 Vols.
1101 2656 1129 2699 2.

133 2725 186 2787 leli
206 2744 344 2780 meorum.
386 2726 518 2782 Confusa·
537 2725 584 2779 lut
604 2721 753 2799 particulo
772 2724 868 2781 videat
889 2728 947 2784 Cio.
970 2728 1005 2782 de
1028 2728 1086 2785 Oli.
1102 2741 1130 2797 3.

134 2827 185 2885 29,
212 2821 247 2882 ¹4
270 2810 311 2864 ed.
327 2811 410 2865 Heus.
452 2810 486 2865 oi.
502 2823 560 2864 uoe
575 2808 685 2864 crieed
701 2822 737 2877 5,
760 2821 795 2876 5,
821 2829 846 2864 1.
885 2813 931 2868 Ne
951 2812 998 2866 hic
1017 2811 1130 2886 quidem

131 2894 258 2970 displicet
278 2892 364 2950 Goth.
387 2893 535 2967 scripture,
557 2891 593 2946 ob
609 2897 678 2948 enim
693 2891 794 2954 modo,
815 2893 866 2947 luc
878 2895 934 2969 ipse
949 2897 979 2964 b,
1001 2898 1129 2970 positum.

130 2982 235 3053 Neque
249 2980 323 3032 enim
339 2979 470 3032 sententie
486 2995 654 3056 magnopere
668 2975 773 3054 flagitet
789 2970 866 3037 euim,
885 2982 931 3033 etli
948 2979 1035 3054 potest
1047 2977 1130 3054 paulo

133 3066 228 3139 eptius
243 3061 350 3124 videri,
370 3081 453 3137 quam
473 3078 571 3117 autem.
615 3063 678 3115 Hoc
699 3059 812 3132 quidem
836 3058 970 3136 explicere
1000 3062 1131 3137 deinceps,

131 3167 226 3224 porro.
398 3147 539 3201 rhetorices
553 3161 650 3199 tamen·
695 3147 734 3198 lte
747 3142 834 3199 Goth.
857 3150 928 3213 (teo.
946 3148 1047 3214 Gelu.)
1066 3138 1164 3200 cumr*

133 3231 213 3291 Vols.
236 3245 263 3285 2.
313 3231 408 3287 Ceteri
428 3229 510 3291 libri,
545 3228 622 3302 quod
642 3230 738 3290 iciam,
771 3247 867 3284 omuet
888 3231 1017 3286 rhetorice
1034 3247 1130 3284 tamen.

134 3316 316 3374 coniciunitas
338 3313 454 3388 postulat
468 3312 642 3392 genitivum:
673 3317 788 3369 oratoris
808 3342 850 3357 -
869 3315 1010 3370 rhetorices
1027 3342 1070 3358 -
1090 3335 1134 3370 ar-

134 3404 218 3473 tificis
238 3428 280 3441 -
300 3404 374 3454 artis.
417 3402 453 3452 Et
469 3397 575 3453 librarii
592 3399 658 3472 ipe,
680 3397 825 3452 scribentes
841 3399 979 3458 rhetorice.
1000 3397 1133 3453 rolebeut

133 3487 291 3542 rhetoricae.
337 3484 381 3540 ef.
405 3482 535 3544 similem,
563 3483 607 3537 led
631 3481 814 3541 eontnriam,
834 3482 1027 3544 mutationem,
1047 3501 1133 3556 neque

133 3569 308 3622 inueniri-inu
332 3584 365 3628 2,
389 3582 444 3630 ot,
471 3580 515 3634 13.
700 3567 821 3640 proprie.
861 3568 903 3619 Itu
919 3566 985 3621 libri
999 3565 1133 3642 plerique.

134 3655 221 3709 (l‘erv.
238 3670 358 3725 quoque,
379 3670 442 3707 eum
458 3651 529 3710 Jeus.
553 3654 567 3719 (
574 3647 608 3703 cf.
623 3650 645 3703 1³
646 3647 702 3705 abr.
717 3648 785 3705 bibl.
800 3648 847 3704 lut.
863 3653 930 3705 Em.
944 3666 981 3712 α.
1003 3651 1084 3722 268)
1105 3668 1132 3705 et

133 3736 244 3809 aliquot
268 3737 330 3789 cdd.
353 3752 421 3790 vett„
443 3736 510 3789 dent
530 3738 625 3806 primu
690 3737 774 3789 Hune
794 3751 920 3789 errorem
945 3733 1010 3789 iude
1031 3737 1132 3811 repetit

134 3822 252 3878 Burin„
273 3819 349 3892 quod
364 3829 417 3893 Qu.
432 3820 540 3874 dederit
555 3823 632 3891 priva
654 3818 734 3888 (vid.
756 3816 792 3873 de
812 3817 865 3872 heo
885 3820 1043 3876 confusione
1063 3824 1133 3876 Dre-

136 3902 221 3960 leub.
238 3903 271 3957 ad
286 3905 351 3959 liv.
370 3918 418 3970 30,
439 3915 489 3976 43,
511 3908 561 3975 q).
604 3904 742 3976 Equidem
752 3919 808 3955 uon
822 3916 893 3976 puto
905 3921 975 3959 rooe
989 3904 1039 3959 luc
1054 3906 1132 3960 usum

138 4008 265 4061 usqrum.
310 3988 529 4043 Corrluruluutur
543 3987 617 4040 enim
631 3990 755 4063 proprius
770 4004 881 4060 quoque
895 4001 923 4041 et
936 3991 1046 4063 primus.
1073 3989 1132 4043 vid.

136 4071 279 4129 Drakenb.
300 4073 334 4125 ed
352 4075 418 4127 liv.
436 4083 472 4144 4,
494 4086 543 4139 50,
567 4084 594 4138 5.
758 4068 823 4126 Aelr.
843 4072 935 4129 crodit.
976 4075 1069 4129 Etiam
1090 4071 1136 4127 hie

136 4157 234 4211 melis:
256 4158 348 4211 tradit.
391 4157 428 4211 el.
450 4170 478 4223 3,
497 4168 526 4224 3,
547 4163 577 4225 4.

184 4242 262 4296 Tom.
285 4242 309 4294 I.
750 4236 793 4293 ff

1154 1277 1167 1315 N
1279 1306 1282 1315 .
