2596 4710
146 320 219 393 550
387 306 445 377 Μ.
468 307 568 377 ria.
597 304 915 400 oumrunnr

149 500 341 589 maiorem
365 511 475 596 patre
496 492 570 571 fuo
596 490 782 571 futurum
803 487 987 569 cecinille
1011 490 1151 567 dicun·

107 626 219 685 tatur
245 612 411 687 oracula.
481 608 605 711 Ipsius
626 637 725 688 vero
753 613 839 686 laus
863 610 1064 698 hominis,
1106 631 1152 681 ex

151 727 286 803 animo
312 743 350 800 et
373 751 539 826 corpore
568 742 607 800 et
628 743 735 802 extra
758 725 892 827 politis
914 726 1001 827 peti
1024 724 1152 799 debet.

149 844 201 917 Et
225 844 403 942 corporis
428 843 594 939 quidem
617 839 964 939 fortuitorumque
982 866 1079 917 cum
1100 840 1154 912 le·

151 957 255 1042 nior,
285 976 371 1033 tum
386 984 471 1031 non
486 984 569 1032 uno
583 957 707 1034 modo
725 957 921 1033 tractanda
939 953 1006 1031 est.
1048 956 1153 1031 Nam

151 1085 192 1143 et
219 1072 564 1174 pulchritudinem
599 1075 762 1150 interim
792 1074 1000 1170 roburque
1022 1068 1155 1173 prose·

151 1191 321 1283 quimur
346 1189 502 1265 honore
531 1189 769 1278 verborum,
821 1204 867 1264 ut
889 1193 1091 1265 Homerus
1109 1190 1155 1263 in

153 1307 451 1402 Agamemnone
484 1321 603 1402 atque
634 1305 799 1381 Achille.
871 1306 1039 1379 Interim
1062 1328 1155 1379 con-

154 1414 233 1492 fert
254 1418 511 1495 admirationi
524 1421 701 1496 multum
717 1422 836 1495 etiam
851 1417 1084 1510 infirmitas,
1109 1433 1155 1495 ut

156 1559 250 1606 curn
280 1534 390 1607 idern
413 1535 553 1636 Tydea
575 1562 766 1638 parvum,
811 1534 881 1611 led
908 1535 1154 1622 bellatorem.

111 1644 258 1722 aedicit
278 1645 404 1724 fuille.
463 1655 637 1728 Fortuna
660 1678 779 1742 vero,
810 1678 904 1727 curn
924 1651 1154 1752 dignitatem

155 1756 280 1850 affert,
307 1768 411 1839 utin
426 1768 586 1864 regibus
606 1766 937 1867 principibusque
964 1770 1154 1867 (namque

154 1874 212 1951 est
240 1877 337 1952 haec
367 1882 530 1954 materia
564 1881 828 1959 ostendendae
862 1884 1025 1958 virtutis
1062 1880 1154 1958 ube-

154 1993 285 2093 rior),
329 2010 418 2070 tum
441 2021 523 2093 quo
552 2001 728 2078 minores
756 2026 851 2100 opes
880 1996 1069 2086 fuerunt,
1109 2022 1154 2073 eo
1214 2030 1218 2037 ·

155 2115 348 2202 majorem
360 2110 574 2189 benefactis
591 2116 759 2214 gloriam
772 2116 885 2215 parit
918 2115 998 2190 Sed
1013 2116 1155 2199 omnia,

157 2248 260 2325 quae
275 2242 381 2299 extra
397 2253 471 2303 nos
483 2229 587 2303 bona
607 2229 701 2307 funt
721 2256 902 2331 quaeque
923 2230 1155 2305 hominibus

155 2334 261 2413 forte
282 2342 532 2440 obtigerunt,
560 2370 646 2422 non
662 2347 756 2423 ideo
780 2344 1017 2435 laudantur,
1048 2340 1154 2444 quod

154 2452 340 2528 habuerit
353 2460 444 2553 quis
460 2483 515 2545 ea,
541 2456 611 2535 led
627 2461 740 2560 quod
756 2462 806 2539 its
814 2458 981 2537 honeste
996 2458 1045 2537 stt
1055 2458 1153 2537 ulus„

112 2570 265 2647 ¹4Nam
287 2569 451 2645 divitiae
471 2589 510 2646 et
533 2580 710 2674 potentia
727 2580 924 2677 etgratia,
953 2604 1051 2653 cum
1070 2577 1155 2676 plu·

154 2688 306 2762 timum
317 2689 469 2762 virium
486 2688 582 2765 dent
595 2694 641 2765 in
655 2709 865 2793 utramque
882 2706 1048 2793 partem,
1078 2716 1155 2766 cer·

217 2897 405 2975 ostendendae.
449 2898 543 2956 Guelt.
558 2898 698 2978 ostandiffa
714 2898 794 2960 solua,
815 2899 891 2952 miro
904 2916 1011 2955 errore.

214 2982 285 3057 foer.
302 3004 334 3037 eo
346 2988 481 3054 majorem.
514 2987 584 3040 Tur.
598 2984 672 3039 Alm.
691 3000 719 3039 et
733 2984 808 3041 Vols.
828 3003 851 3036 ι.
867 2983 1008 3037 omittunt
1022 3002 1065 3043 ao,
1078 2979 1154 3035 mele.

217 3068 373 3143 benefactis.
415 3071 487 3128 Jens.
517 3075 588 3138 (tac.
611 3071 712 3135 Gelu.)
744 3069 878 3140 beneficiis
905 3086 971 3121 oum
1000 3066 1064 3121 edd.
1096 3081 1154 3120 ante

153 3151 264 3227 Gryph.
289 3152 420 3207 omnibns
435 3168 543 3226 praeter
560 3153 626 3208 Bad.
643 3168 672 3206 et
686 3154 769 3208 (ζειν.
786 3152 888 3206 Badius
904 3148 1054 3213 evellenfi
1070 3169 1155 3206 corre·

152 3236 206 3298 xit.
227 3256 317 3309 neque
334 3235 407 3289 ullus
424 3236 493 3291 Cod.
508 3238 624 3291 videtur
637 3237 702 3291 dare
715 3255 847 3291 errorem.

216 3322 288 3398 quod
310 3323 342 3374 tt}
360 3317 475 3394 honeste.
521 3320 611 3376 Malui
633 3326 665 3376 iis
685 3342 701 3376 ο
719 3321 890 3381 Gothicus.
916 3323 988 3387 (tte.
1005 3322 1110 3394 Gefn.)
1130 3333 1157 3374 et

153 3405 216 3461 edd.
237 3420 300 3463 ante
322 3402 400 3459 Bafil.
422 3404 567 3465 omnibus.
594 3425 660 3480 prae
681 3408 730 3462 hit.

216 3492 327 3545 divitiae
346 3518 389 3533 -
411 3494 534 3563 potentio
553 3518 596 3532 -
616 3495 715 3564 gratia.
757 3486 850 3545 Guelf.
873 3504 965 3541 meros
988 3489 1158 3543 accttsativoe

152 3572 214 3635 dat,
234 3574 322 3637 solun
344 3574 395 3628 nili
415 3575 490 3647 quod
510 3575 541 3628 in
556 3576 652 3630 Turio.
672 3574 762 3629 literis
783 3573 815 3626 ita
836 3573 865 3624 in
881 3573 936 3625 div.
960 3573 1158 3647 superscriptae

151 3658 216 3712 funt
237 3657 305 3712 hae:
327 3679 366 3713 as.
414 3663 458 3712 An
473 3659 586 3732 ¹faciunt
609 3673 774 3734 acceperunt
795 3658 902 3711 dictum
927 3655 962 3709 de
987 3655 1157 3718 oratoribus.

151 3743 202 3818 qui
215 3742 291 3797 halec
305 3762 349 3797 rea
358 3740 483 3816 facerent
495 3748 706 3816 experimentum
722 3746 848 3799 moram?
868 3738 944 3795 Male
961 3740 1032 3795 fane.

213 3832 311 3883 virium
326 3830 391 3882 dant
405 3857 448 3871 -
462 3827 558 3906 certiff.
601 3829 746 3885 Revocari
766 3825 965 3881 diremtionem
985 3827 1160 3881 Ante-Bur·

152 3989 204 4050 {tir
217 3997 429 4072 κμῦηργμίνυν
452 4028 492 4041 -
514 3984 531 4059 ti
545 3994 571 4052 εἰ
583 4016 633 4052 παι
715 3995 876 4070 Aguratum.
887 4020 929 4037 -
937 3994 1041 4049 Actttt.
1049 4024 1091 4037 —
1103 3995 1161 4068 Ty·

148 4072 185 4155 μῖ
205 4075 238 4134 ri
260 4079 383 4156 προσῆκον
403 4080 448 4138 ἐπὶ
465 4078 499 4142 ro*
520 4083 633 4151 altem
673 4080 736 4135 dea.
767 4080 799 4133 ll.
812 4094 840 4139 2,
856 4090 1029 4155 477-79·
1049 4078 1161 4147 673-

151 4160 200 4218 ui
220 4159 253 4220 u*
271 4160 394 4220 κᾶλλιον.
679 4178 728 4234 75.
751 4178 781 4233 5,
802 4174 874 4234 gor.
