2596 4710
139 290 298 345 xxxma
464 256 806 355 enarratio.
866 294 871 309 ¹

144 477 222 535 tam
251 461 498 563 negligenter
521 465 628 539 haec·
647 459 762 541 tuille
789 458 1017 563 scripturus.
1076 466 1148 539 Et·

143 598 223 673 iam
244 598 322 673 hoc
351 590 804 698 praetermissum‘video
832 622 856 671 a
880 612 941 673 tot
953 601 1032 673 VV.
1051 602 1144 675 DD.

143 732 216 831 qui
249 734 373 809 vitam
402 710 515 810 istam
543 736 764 834 reciperent
797 735 843 808 in
876 729 964 813 suas
1001 732 1147 811 editio·

48 964 53 973 ·
112 975 114 978 y
142 890 225 957 nes,
254 868 367 968 quod
387 871 528 964 Caium
548 871 732 947 Caelium
743 885 998 971 praeceptore
1016 872 1146 975 Quin·
1166 882 1172 895 '

142 1001 281 1078 tiliano
299 1002 418 1083 usum
433 1022 564 1081 narrat
579 1032 817 1106 anonymus.
875 1005 1056 1081 Debebat
1073 1003 1147 1079 sal·

141 1148 222 1211 tem
252 1136 391 1215 scribi:
445 1143 488 1218 C.
521 1142 716 1218 Caecilius
750 1142 790 1216 h.
820 1166 853 1214 e.
888 1141 1043 1216 Plinius
1068 1143 1147 1215 mi·
1178 1224 1180 1233 Ι

18 1344 32 1379 a
140 1296 227 1346 nor.
294 1278 370 1349 Hic
391 1277 515 1374 igitur
541 1272 708 1374 scriptor
734 1299 987 1375 anonymus,
1022 1274 1147 1349 Euse·
1177 1294 1180 1301 ·

78 1490 84 1503 ι
140 1405 250 1481 biani
286 1409 478 1485 Chronici
515 1406 637 1483 fidem
667 1384 711 1485 in
736 1410 864 1510 patria
902 1408 1146 1513 Quintiliani

139 1540 342 1631 rejiciens,
393 1544 596 1619 Plinianae
626 1570 723 1620 vero
759 1542 945 1644 epistolae
979 1540 1145 1620 credens

139 1669 263 1749 filiam
293 1676 341 1751 ab
369 1676 514 1756 eodem
542 1677 616 1754 esse
644 1677 882 1780 susceptam,
925 1702 1027 1778 quae
1053 1680 1145 1755 No·

138 1809 209 1885 nio
245 1807 362 1911 (non
394 1812 561 1916 Novio)
601 1818 733 1894 Celeri
762 1817 808 1891 in
839 1800 1144 1889 matrimonium

140 1941 308 2038 cederet,
343 1950 390 2025 in
417 1956 600 2027 neutram
629 1968 780 2051 partem
807 1963 1060 2027 momentum
1084 1946 1145 2023 sa·

138 2079 201 2153 cit.
289 2082 529 2162 Dodwellus
574 2088 683 2161 enim
725 2086 827 2159 mira
871 2082 1046 2159 sollertia
1094 2108 1143 2159 ex

139 2229 368 2316 temporum
405 2222 628 2297 rationibus
667 2219 784 2297 efficit
834 2221 960 2312 (Anu.
1008 2224 1041 2313 §,
1073 2224 1142 2319 9.)

138 2376 210 2450 per
241 2369 331 2432 octo
359 2381 485 2432 annos
514 2383 608 2432 cum
629 2357 752 2431 Galba
774 2351 972 2431 versatum
1000 2355 1046 2429 in
1069 2357 1143 2431 Hi·
1175 2398 1180 2407 ·

136 2484 269 2585 spania
298 2490 430 2573 videri
461 2493 778 2598 Quintilianum,
835 2491 908 2589 qui
937 2486 1026 2565 sane
1058 2491 1143 2567 lto-

136 2648 223 2696 mae
252 2622 297 2700 sit
324 2625 532 2716 educatus,
572 2634 687 2722 cujus
718 2627 909 2726 temporis
938 2626 1051 2701 nulla
1080 2650 1143 2701 re·

137 2784 231 2834 rum
258 2765 411 2837 Romae
440 2761 636 2863 gestarum
665 2777 761 2838 nota
787 2763 833 2835 in
858 2759 1011 2860 scriptis
1029 2761 1142 2835 Fabii

136 2912 369 2993 compareat
428 2902 485 2972 Ita
515 2896 719 2974 Chronico
745 2896 813 2995 (ad
835 2898 995 2997 Olymp.
1027 2900 1141 2996 211.)

136 3025 235 3105 fides
261 3031 452 3108 constabit
481 3032 668 3133 prodenti
687 3034 984 3140 Quintilianum
1006 3058 1028 3105 a
1051 3033 1141 3105 Gal-

136 3165 186 3245 ba
223 3169 395 3243 Romam
429 3165 503 3242 else
543 3167 783 3256 adductum,
838 3166 1005 3269 patriam
1040 3191 1139 3241 vero

20 3362 25 3371 .
135 3309 220 3393 eins
240 3301 469 3404 Hispaniam
494 3302 701 3385 credemus
721 3303 820 3407 huic
841 3298 914 3402 ipsi
934 3298 1140 3377 Chronico

42 3494 47 3501 .
134 3443 152 3535 (
164 3438 213 3512 ad
232 3465 385 3517 annum
405 3441 630 3515 Domitiani
654 3458 693 3528 8,
722 3439 784 3515 OL
803 3440 925 3537 216.)
954 3452 994 3510 et
1015 3433 1142 3511 Auso·

134 3575 205 3649 nio
234 3576 306 3675 (in
323 3570 702 3675 professBurdegaL
725 3600 759 3662 1,
786 3576 849 3671 7.)
878 3586 918 3645 et
937 3574 1140 3670 Hierony-

27 3734 32 3744 ·
134 3734 204 3784 mo
228 3708 501 3807 vigilantium,
530 3732 652 3806 quem
677 3706 899 3795 insectatur,
928 3728 1139 3801 catrponem

138 3844 507 3948 Cctlugurritanum,
545 3843 725 3941 itemque
756 3859 902 3919 mutum
930 3841 1140 3953 Quintilia-

134 4004 224 4054 num
254 3977 478 4081 appellanti.
543 3973 684 4055 Nostri
714 4001 939 4080 cognomen
967 3993 1141 4079 praeter·
