2596 4710
204 381 228 452 ·.
315 332 438 402 nist.
465 332 673 405 omrou
697 331 787 402 Lm.
814 280 886 418 in,
914 350 948 418 5.-
1058 347 1132 423 447
1232 318 1235 323 ’

130 537 175 600 et
194 517 491 621 dispositionem
513 520 698 609 tradidit,
734 517 802 594 sed
824 534 1034 619 utramque
1058 518 1134 625 du·

130 638 296 739 plicem,
323 663 479 726 rerum,
506 663 549 711 ac
567 637 804 723 verborum,
832 650 879 735 ut
894 632 940 708 lit
957 634 1133 712 elocutio

130 753 398 840 inventionis,
429 753 709 852 pronunciatio
737 745 1024 851 dispositionis:
1069 751 1134 825 his

132 869 274 967 quinta
300 892 406 966 pars,
441 870 652 953 memoria,
681 865 846 939 accedat.
902 864 1133 941 Theodorei

130 981 216 1058 fere
247 983 525 1056 inventionem
559 983 782 1082 duplicem,
821 1005 970 1068 terrun,
1015 995 1133 1081 atque

130 1095 370 1186 elocutionis,
401 1096 547 1171 deinde
570 1113 648 1172 tres
671 1111 814 1170 ceteras
833 1111 970 1199 partes.
1030 1100 1155 1178 Her-9

130 1235 326 1313 mpgoras,
364 1211 581 1302 judicium,
617 1208 896 1307 partitionem,
932 1198 1132 1296 ordinem,

131 1349 316 1427 quaeque
350 1323 591 1399 elocutionis
620 1319 733 1410 sunt,
789 1319 945 1417 subjicit
977 1350 1132 1400 oecono-

128 1447 250 1530 miae,
278 1463 399 1543 quae,
432 1441 576 1515 Graece
597 1437 790 1541 appellata
809 1463 857 1513 ex
879 1462 973 1515 cura
996 1464 1133 1517 rerum

194 1692 318 1783 tradidit.
371 1726 555 1783 Consentiunt
572 1724 630 1781 mei
651 1724 765 1800 quidem
788 1700 856 1781 libri
875 1744 980 1783 omnes.
1032 1726 1132 1784 Malim

131 1827 227 1869 tamen
249 1813 348 1872 tradit.
378 1827 410 1866 ut
430 1830 524 1865 errore
545 1828 602 1865 non
624 1808 737 1865 insolito
759 1808 938 1867 librariorum
959 1811 1030 1867 male
1045 1814 1133 1868 fuerit

131 1897 272 1975 geminata
293 1894 394 1967 syllaba
416 1896 450 1949 cs.
473 1892 614 1949 Drakeub.
632 1893 666 1947 ad
686 1896 752 1948 Liv.
771 1905 828 1964 28,
850 1909 906 1962 50,
927 1905 956 1968 4.
1000 1899 1134 1970 Sequitur·

131 1981 224 2035 enimt
246 1978 333 2056 ursit,
354 1998 478 2055 proquo
493 1978 621 2038 debebat,
646 1979 705 2051 pol't
718 1979 898 2051 praeteritum
914 1982 1041 2057 tradidit,
1064 1983 1129 2035 elle:
1237 1986 1241 1991 ’

130 2080 164 2121 tre
184 2063 258 2141 effer.
301 2063 337 2116 cs.
360 2084 392 2124 r,
418 2083 470 2123 u,
492 2074 512 2132 8
534 2065 673 2136 praecipit.
717 2064 831 2122 Fateor,
862 2062 947 2117 modo
970 2066 1051 2118 etitm
1071 2065 1131 2140 posi

130 2148 287 2219 adjecerunt
308 2147 379 2224 legi:
400 2146 475 2224 quasi
491 2145 547 2223 fil,
570 2145 619 2199 ubi
633 2145 742 2199 sortasse
755 2145 917 2224 diligentior
932 2149 1074 2203 Ciceronis
1090 2168 1133 2203 ra·

131 2232 174 2287 tio
194 2232 360 2306 postulabat:
389 2230 464 2309 quasi
483 2227 555 2307 effer.
599 2228 652 2283 Sed
672 2229 759 2304 potest
778 2228 835 2284 hoc
853 2230 939 2292 serti,
962 2234 1071 2307 ‘qnippe
1095 2253 1130 2287 ex

129 2317 215 2390 ipfius
232 2315 399 2388 Quintiliani
421 2316 514 2368 animo
531 2314 654 2374 dictum,
679 2313 828 2385 judicantis
847 2336 916 2370 nunc
937 2315 971 2370 de
990 2317 1037 2370 ista
1058 2317 1130 2391 adje-

129 2401 234 2459 ctione,
256 2418 334 2454 antea
349 2401 427 2453 sacta.
467 2399 570 2455 Nostro
583 2397 645 2453 loco
658 2396 798 2452 ordinatio
812 2419 857 2452 ea:
887 2416 917 2453 ut
924 2398 980 2476 fit,
999 2403 1034 2455 eli
1047 2401 1130 2476 ipsius

131 2485 245 2540 Dionia.
288 2489 324 2537 Et
341 2484 427 2537 solent
445 2485 602 2556 scriptores,
631 2501 702 2555 quae
721 2481 802 2536 libris
822 2483 932 2575 ppoditn
954 2487 1035 2547 sunt,
1074 2501 1130 2541 ttn.

131 2588 216 2644 quam
234 2587 307 2622 nunc
323 2568 434 2621 demum
448 2569 537 2629 dicto,
564 2586 780 2621 commemorare
795 2568 929 2641 praesenti
942 2583 1077 2643 tempore.

195 2657 330 2708 motoria.
375 2652 445 2708 eod.
467 2653 564 2707 Tettio.
595 2655 750 2709 meororiae.
782 2651 832 2706 ubi
856 2653 1035 2708 commodum
1057 2652 1134 2709 Sulc-

131 2736 265 2816 bergerus
280 2739 316 2793 V.
334 2738 366 2792 C.
382 2736 448 2789 citat
463 2751 498 2802 3,
521 2749 550 2802 5,
574 2754 600 2789 t.
630 2753 751 2811 quartem
771 2763 813 2779 —
835 2739 997 2792 imitationis.

193 2820 303 2896 sulrjicit
326 2841 379 2874 oec.
421 2823 462 2871 lta
486 2818 578 2874 Guels.
607 2838 670 2873 cum
693 2818 786 2881 illm..
822 2822 872 2874 nili
893 2821 969 2893 quod
993 2823 1017 2876 it
1041 2824 1132 2877 veteri

129 2924 212 2962 more
227 2904 328 2979 subicit
346 2903 402 2973 (cs.
424 2923 455 2962 ι,
473 2912 509 2975 4,
536 2907 612 2971 ιη).
663 2903 767 2964 Goth„
804 2923 867 2958 cum
890 2904 951 2959 edd.
972 2922 1035 2960 ante
1055 2912 1132 2961 Stoe-

128 2992 207 3047 1ium
225 2990 292 3043 meis
312 2986 460 3047 omnibus,
476 2985 599 3061 subjecit.
643 2986 758 3041 Gibsoni
773 2988 895 3061 silentio,
916 2989 1022 3043 nrrlltm
1040 2990 1130 3045 Codd.

127 3076 243 3133 suonrm
256 3073 417 3126 varietatem
432 3072 579 3130 asserentis,
599 3071 692 3124 minus
709 3071 813 3125 tribuat
831 3072 883 3124 lroc
897 3072 975 3133 loco,
997 3075 1129 3145 quoniam

123 3178 166 3215 rte
183 3158 244 3213 edd.
261 3157 375 3229 quidem
398 3157 506 3211 suarum
522 3168 657 3208 memorat
671 3174 730 3213 eas,
752 3174 822 3227 qttae
844 3155 945 3209 liabent
966 3158 1129 3230 perlectum.

128 3243 265 3316 cumipse
280 3260 294 3295 e
311 3238 435 3296 Leidenli
454 3240 501 3293 det
521 3241 653 3312 praesent.
697 3240 788 3301 Mihi,
809 3239 856 3295 vel
870 3239 906 3294 ob
920 3260 966 3301 ea,
988 3259 1057 3313 quae
1070 3260 1129 3296 mo·
1149 3262 1151 3269 ’

127 3327 168 3383 do
185 3324 346 3403 tangebam,
366 3326 460 3399 potius
481 3324 595 3377 videtur
619 3326 749 3396 praescus.
791 3326 891 3397 Neque
904 3325 978 3377 enim
995 3329 1029 3379 lic
1042 3318 1129 3404 cogor

127 3412 163 3467 od
178 3409 347 3484 subjectum:
374 3408 523 3464 Theodorei
538 3407 695 3487 intelligere
710 3409 886 3470 tradiderunt,
905 3408 949 3464 sed
964 3410 1087 3465 tradunt.

126 3664 216 3721 deret.
259 3663 311 3719 Sed
332 3682 388 3738 quo
404 3664 434 3717 in
449 3662 523 3719 libro
543 3660 611 3718 brec
651 3680 731 3722 nem,
753 3663 803 3735 qni
822 3663 982 3736 frequenter
997 3660 1129 3717 declama-

128 3750 270 3825 propoliu
298 3747 383 3804 suerit
403 3769 418 3801 a
439 3748 534 3803 Dione
554 3747 612 3801 elo·
651 3748 727 3802 verit
743 3752 846 3802 llomae
861 3747 977 3820 aliisque
1001 3748 1032 3800 iu
1055 3746 1129 3803 urbi-

127 3834 259 3906 quetidie
271 3830 387 3894 divisio,
408 3832 526 3892 haereo,
547 3831 610 3884 nul·
650 3829 712 3886 but.
761 3831 868 3885 Adeunt
889 3832 924 3886 de
943 3832 1038 3887 Dione
1063 3834 1129 3891 tiro-

126 3916 154 3973 la
179 3936 294 3990 usquam
312 3931 525 3971 commemorate
550 3918 608 3985 ejus
649 3934 698 3969 nes
721 3914 799 3970 fabr.
832 3915 900 3972 bibl.
929 3916 1024 3972 Gracc.
1047 3916 1126 3972 llari.

126 4016 187 4057 arte
207 4002 346 4055 rhetorica.
395 4005 440 4056 Αιι
461 3999 531 4055 aliur
553 4001 609 4053 suit
649 3998 764 4069 Vol.5,
790 4016 846 4054 122
864 4003 936 4075 seqq.

126 4085 252 4159 ejtttdein
275 4084 420 4138 nominis?
462 4084 516 4141 Soti
539 4085 609 4153 ejus·

126 4169 208 4226 morli
223 4168 295 4225 libet
309 4170 382 4224 cadit
398 4170 458 4225 sane
473 4170 503 4222 in
517 4167 609 4225 homi·
692 4168 815 4226 tradidit.
856 4170 916 4227 vid.
937 4184 996 4227 not.
1015 4169 1085 4227 Crit.
