2596 4710
328 327 473 431 tusc.
494 328 708 401 aaaron
737 328 829 401 mn.
851 330 906 416 11,
933 341 968 419 a
1088 349 1158 421 ’tt

154 530 387 592 connectere
412 518 631 618 incipiunt,
659 533 706 594 ut
727 520 910 618 protinus
923 516 1164 594 memoriam·

152 627 331 706 firment:
367 635 421 706 ita
446 660 539 708 curn
573 641 650 727 jam
677 632 848 711 fornum
882 649 1008 708 rectae
1038 646 1158 730 atque

152 747 380 821 emendatae
415 752 604 825 orationis
639 750 850 849 accipient,
880 747 1155 845 extemporalis

150 864 375 959 garrulitas,
425 890 497 938 nec
535 880 731 964 expectata
764 865 969 963 cogitatio,
1013 877 1051 935 et
1084 862 1154 937 vix

148 973 337 1076 surgendi
362 976 494 1068 mora,
524 981 793 1055 circulatoriae
818 1003 912 1053 vere
936 977 1153 1073 jactationis

149 1090 215 1165 est.
273 1095 376 1167 Hinc
393 1111 602 1192 parentum
620 1097 900 1196 imperitorum
919 1096 1037 1167 inane
1057 1096 1200 1191 gau-16

150 1204 286 1296 dium3
313 1207 403 1307 ipsis
421 1235 517 1285 vero
537 1226 757 1286 contemtus
772 1211 922 1308 operis,
943 1224 981 1281 et
996 1211 1153 1280 invere-

149 1323 281 1396 cunda
305 1321 436 1411 frutis,
466 1341 504 1399 et
530 1323 774 1401 consuetudo
799 1323 952 1425 pellime
970 1320 1151 1409 dicendi,

150 1453 189 1510 et
205 1439 398 1513 malorum
414 1442 660 1528 exet-cintia
672 1456 729 1529 et,
751 1465 852 1539 quae
870 1463 1032 1539 magnos
1050 1463 1152 1536 quo·

84 1575 232 1651 ratque
262 1552 459 1652 profectus
490 1555 720 1654 frequenter
744 1554 938 1655 perdidit,
968 1576 1151 1651 arrogans

151 1667 201 1742 de
221 1667 259 1740 se
280 1668 473 1768 persuasio
490 1671 713 1746 innascitur.
771 1672 857 1745 Erit
878 1666 995 1744 suurn
1011 1692 1196 1767 paren-²7

149 1781 223 1857 dae
244 1780 421 1861 facilitati
444 1801 617 1884 tempus,
645 1811 718 1860 nec
734 1811 755 1858 a
773 1787 887 1861 nobis
903 1784 1151 1882 negligenter

148 1885 263 1973 locus
276 1896 347 1971 iste
363 1888 609 1974 transibitur.
629 1902 794 1977 hrterim
806 1898 894 1975 satis
908 1896 981 1987 est,
1003 1895 1032 1971 fi
1048 1892 1151 1996 pue?

150 2015 264 2089 omni
288 2039 382 2088 cura
403 2030 441 2087 et
462 2012 637 2101 summo,
667 2032 859 2114 quantum
880 2029 980 2090 aetas
1003 2013 1071 2085 illa
1089 2037 1152 2084 ca·

148 2129 227 2228 Pit,
265 2128 399 2204 labore
430 2129 584 2228 aliquid
619 2130 823 2229 probabile
853 2125 1068 2226 scripserit:
1105 2128 1150 2200 in

149 2241 229 2318 hoc
260 2239 456 2332 assuescat,
493 2245 614 2335 hujus
640 2245 700 2319 rei
722 2261 904 2319 naturam
927 2241 1000 2316 libi
1023 2239 1148 2329 faciat.

149 2357 222 2434 Ille
242 2356 405 2433 demum
429 2362 472 2433 in
494 2359 556 2447 id,
594 2359 706 2460 quod
732 2361 981 2461 quaerimus,
1017 2372 1085 2434 aut
1112 2355 1151 2432 ei

148 2519 290 2577 liidonea
312 2521 402 2579 Codd.
428 2523 593 2578 anctoritate
616 2523 823 2584 defenderetur,
850 2523 930 2578 sacile
957 2521 1150 2595 unusquisque

146 2606 328 2678 requiesceret
341 2607 371 2660 iu
383 2622 499 2680 recepta.
665 2626 824 2664 connectere.
847 2606 939 2664 Guels.
955 2622 1065 2660 nectere.
1164 2619 1170 2631 ¹

212 2705 298 2744 rectae
313 2721 353 2732 -
371 2692 508 2746 orationis.
551 2691 637 2747 Goth.
654 2697 724 2760 (tac.
739 2694 834 2760 Gelu.)
849 2707 918 2747 recte
932 2689 1056 2765 loquendi
1069 2704 1149 2763 atque

147 2775 304 2830 emendatae
320 2777 447 2831 orationis
463 2793 527 2831 cnm
540 2776 615 2835 Vols.
635 2792 661 2830 2.
678 2776 780 2851 quibua
800 2777 933 2833 acaedam
959 2773 1066 2847 aliquot
1086 2771 1148 2826 edd.

146 2873 219 2912 vett.
377 2857 522 2933 facilitati.
565 2863 605 2912 tta
617 2879 673 2914 non
689 2860 769 2934 pauci
783 2859 872 2919 caat.
890 2874 918 2915 et
932 2859 1004 2913 forre
1018 2859 1055 2910 ita
1069 2854 1149 2911 datle-

146 2958 211 2997 raat
230 2942 395 3017 Bipontini‚
417 2961 501 3015 quare
523 2942 640 3016 reliqui,
658 2963 815 3018 quanquam
831 2944 911 3001 Gesn.
927 2962 990 2997 etun
1007 2944 1105 2996 Burm.
1121 2954 1151 2995 et

147 3023 288 3103 plerisque
304 3041 416 3080 receuti.
426 3025 562 3097 facultati
568 3065 577 3087 ,
594 3029 697 3106 exiguo
712 3028 878 3084 discrimine.
908 3027 1002 3083 ruric.
1018 3039 1046 3079 et
1060 3022 1148 3081 Goth.

147 3109 215 3181 (tec.
226 3113 319 3172 Gelu.)
329 3111 477 3183 facilitatis
490 3131 553 3164 cuin
569 3112 644 3167 von.
661 3128 689 3167 2.
705 3111 785 3168 Bodl.
801 3127 829 3167 et
844 3102 987 3188 'plerisque
1002 3109 1063 3164 edd.
1078 3122 1150 3164 vett.

149 3193 243 3251 Guell.
259 3194 404 3270 felicitatis
418 3214 467 3269 per
480 3212 611 3249 errorem.

191 3348 252 3383 aere
263 3331 431 3398 jactationis.
453 3327 629 3402 lllalimfete
670 3330 746 3384 cearli
769 3325 932 3403 consuetudo
955 3342 1013 3381 non
1035 3325 1154 3380 videtur

143 3414 215 3487 fact.
236 3411 271 3465 el.
286 3433 310 3472 ι,
328 3428 355 3473 2,
374 3433 419 3467 ro.
670 3413 781 3467 dillerre
797 3434 811 3466 a
827 3414 957 3467 malorum
980 3413 1150 3479 exercitatio·

189 3497 423 3558 malorumearerc.
467 3498 553 3553 Muta
567 3495 627 3550 lat.
671 3519 718 3557 ne,
748 3516 833 3570 qnare
854 3496 972 3550 alterum
996 3495 1088 3550 ontifit
1107 3494 1150 3549 itt·

145 3582 211 3638 stant
224 3579 337 3640 vitiose,
356 3578 485 3653 nulleque
501 3579 630 3652 eloquen·
671 3593 775 3656 terpree
793 3580 924 3636 Gallicae.

145 3664 203 3726 tie,
231 3663 313 3717 dicte.
365 3666 469 3741 Agitur
499 3664 532 3717 tle
562 3664 629 3718 artis
1098 3736 1100 3740 λ

145 3748 287 3827 pravitate
311 3766 369 3800 non
393 3748 426 3802 dc
449 3748 550 3806 animi,
573 3766 630 3821 quo
712 3752 739 3802 in
755 3747 1041 3822 idquodquaerimas.
1070 3751 1150 3805 Sum·

146 3832 262 3888 nomine
278 3830 351 3884 ludit
367 3831 396 3883 in
410 3835 475 3887 mali
493 3831 630 3887 vocabulo
672 3848 746 3886 matu
760 3831 895 3885 nimirum
911 3833 1096 3909 eloquentiam
1107 3832 1147 3893 cs.

145 3920 247 3974 llorat.
272 3920 360 3969 Sarni.
388 3931 417 3977 2,
445 3937 470 3976 ι,
494 3928 561 3985 85.,
587 3917 632 3971 Sic
676 3936 701 3975 a,
722 3933 767 3975 ro,
790 3927 817 3989 4.
843 3917 1024 3972 [monumen
1045 3918 1150 3972 ntontie

152 4022 200 4061 ru,
223 4021 247 4058 a,
270 4000 580 4074 119„velleoptt'ttta.“
603 4016 630 4055 et
672 4001 785 4055 aradae
802 3998 932 4074 frequent
949 4000 1063 4057 locterio.
1092 4001 1151 4055 vid.

147 4084 337 4151 ibitis-151
363 4086 494 4145 „meliora
516 4083 631 4138 vellem·
671 4082 814 4139 Drakenb.
837 4085 872 4139 ad
892 4085 960 4141 Liv.
983 4095 1022 4162 4,
1044 4100 1100 4160 54,
1128 4105 1155 4141 r·

147 4169 205 4227 aaa
227 4167 344 4224 ostendit
365 4167 442 4246 quod
462 4166 569 4247 peffitae
592 4168 633 4226 a·-
671 4168 716 4230 Οἱ
732 4168 806 4245 supra
825 4186 852 4231 r.
867 4183 895 4231 a.
913 4168 962 4227 26.
1021 4190 1030 4213 t
