2596 4710
171 314 220 398 ιο
408 302 593 385 turen.
621 298 935 400 oumruunr

170 491 324 570 nostros
340 492 586 569 concubinos
604 488 766 567 vident:
795 486 916 570 omne
935 491 1177 569 convivium

172 605 349 685 obscenis
374 609 533 682 canticis
559 605 715 708 strepit:
747 605 936 706 pudenda
958 606 1070 712 dictu
1089 603 1178 707 spe·

174 740 337 799 utantur.
396 724 460 799 Fit
485 748 533 796 ex
556 723 619 798 his
643 718 909 811 consuetudo,
940 721 1087 798 deiude
1106 746 1177 797 nu·

114 834 129 851 ⁸
172 855 272 915 tura.
330 835 500 914 Discunt
524 839 621 912 baec
643 835 776 914 miseri
800 854 890 912 aute
915 862 1038 937 quum
1053 835 1179 913 scient

173 940 271 1029 vitiu
304 950 399 1028 esse:
441 953 536 1029 inde
567 951 687 1030 soluti
710 978 754 1026 ac
778 949 945 1028 fluentes
967 979 1053 1031 non
1077 952 1180 1029 ucci-

174 1072 292 1172 piunt
311 1094 333 1142 e
355 1067 500 1145 scholis
522 1071 624 1144 mala
648 1067 737 1156 ista,
764 1067 833 1143 sed
849 1070 900 1142 in·
914 1066 1065 1145 scholas
1082 1062 1180 1142 affe-

153 1199 282 1265 9runt.
340 1188 490 1259 Verum
516 1185 559 1257 in
584 1181 722 1258 studiis
745 1186 868 1282 magis
889 1183 1044 1259 vacabit
1067 1208 1181 1260 unus

175 1300 259 1377 uni.
319 1303 420 1375 Ante
446 1300 580 1375 omnia
605 1300 711 1373 nihil
737 1299 923 1399 prohibet
946 1294 1020 1373 elle
1042 1296 1179 1387 istum,

175 1412 308 1491 nescio
335 1441 476 1513 quern,
506 1440 638 1489 unum
665 1415 784 1490 etiam
809 1440 902 1489 cunt
929 1440 997 1503 eo,
1026 1414 1099 1514 qui
1131 1416 1178 1489 iu

176 1528 320 1606 scholis
342 1527 536 1605 eruditur.
606 1529 683 1603 Sed
707 1528 855 1603 etiamst
882 1531 997 1629 jungi
1019 1546 1178 1605 utrum·

178 1670 256 1743 que
272 1670 357 1721 uon
374 1640 516 1743 pollet,
536 1644 672 1718 lumen
688 1660 820 1719 tamen
833 1645 937 1720 illud
954 1660 1177 1721 conventus
1198 1660 1204 1673 ·

176 1756 447 1847 honestissimi,
474 1760 646 1834 tenebris
670 1785 713 1833 ac
736 1757 946 1836 solitudini
971 1756 1178 1859 praetulis-

176 1871 268 1948 sent.
326 1874 435 1948 Nam
459 1875 634 1973 optimus
661 1876 832 1973 quisque
854 1890 1084 1975 praeoeptor
1098 1872 1180 1949 fre·

177 1989 337 2088 quentia
355 1988 520 2088 gaudet,
549 2014 592 2062 ac
610 1995 759 2084 majore
777 1987 815 2063 se
832 1991 984 2066 theatro
1003 1986 1221 2089 dignumne

135 2119 300 2204 xoputat.
358 2108 409 2179 At
438 2098 524 2180 fere
549 2107 725 2182 minores
750 2129 798 2178 ex
825 2103 1061 2184 conscientia
1084 2102 1178 2182 suae

239 2349 278 2402 At
295 2347 367 2423 fere.
410 2349 455 2404 stc
473 2347 556 2425 plane
573 2349 747 2406 scribendum
764 2370 816 2425 pro
832 2354 870 2407 At
887 2372 967 2415 vero.
987 2365 1073 2407 nuott.
1088 2350 1178 2407 codd.

175 2430 274 2488 multis
297 2448 324 2487 et
340 2448 409 2488 vett.
427 2433 489 2489 edd.
505 2434 598 2491 Guels.
616 2450 708 2491 tamen
727 2450 755 2490 et
773 2437 859 2491 Goth.
874 2457 946 2491 vero.

174 2650 194 2705 l.
212 2660 241 2722 4.
258 2655 310 2727 Ep.
327 2662 377 2723 42.
398 2652 449 2707 ubi
469 2673 498 2708 v.
517 2664 562 2723 4..
582 2672 657 2714 curn.
698 2653 788 2727 qualis
807 2654 843 2708 est
863 2655 893 2708 in
915 2669 985 2708 noto
1005 2657 1104 2710 versu:
1126 2655 1180 2709 Ne·

89 2790 92 2799 ,
177 2739 307 2813 Aegypto
329 2739 488 2798 nominata,
518 2740 658 2813 Nequitias
693 2733 1179 2815 scioquirsmujutnascitnrllitdez

177 2820 217 2872 uit
233 2822 313 2875 tessus
324 2820 378 2894 scit
394 2823 458 2875 dure
471 2824 546 2876 nullu
562 2828 657 2896 magis.
698 2843 857 2897 qumquam
874 2825 979 2878 ironico
994 2826 1029 2878 ost
1049 2824 1096 2876 ista
1114 2822 1141 2876 b.
1157 2822 1179 2877 l.

178 2905 246 2977 ipsit
268 2905 316 2959 luto
334 2909 464 2979 nequitias
480 2907 566 2960 dictae
587 2923 657 2981 puto
698 2909 857 2962 adutirttio.
900 2910 974 2969 „tite
999 2926 1054 2962 tum
1081 2908 1180 2962 mirifi-

177 3006 229 3062 pro
252 3010 364 3064 nequam
386 2989 442 3042 istie
470 2992 578 3064 pueris,
608 2994 658 3063 qni
700 3012 766 3054 „cue
799 3012 889 3055 ιιιιιιι,
924 3012 1008 3068 quem
1035 3007 1181 3067 tantopere

177 3087 232 3126 tant
246 3072 431 3151 intelligentes
440 3090 516 3127 erunt
530 3077 656 3144 jocorum
700 3079 867 3152 ,‚creputie.“

177 3155 365 3213 obscenorum.
409 3159 510 3215 Statius
532 3159 610 3216 Svlv.
629 3174 656 3228 5,
741 3164 793 3217 ctu
794 3180 854 3216 mero
891 3162 968 3217 cave
983 3162 1067 3216 nimis
1082 3161 1114 3217 td
1130 3180 1182 3216 uo·

177 3253 205 3308 5,
231 3240 280 3296 66.
311 3242 432 3302 „Pharia
457 3244 492 3296 (le
517 3244 590 3317 pube
618 3244 658 3299 lo·
699 3247 785 3302 strunt
803 3264 910 3301 morem
933 3246 1082 3326 intelligat.
1112 3242 1182 3302 tta·

176 3344 298 3411 quiret
291 3327 430 3381 Delicius‘·
452 3344 604 3389 memorat,
626 3346 655 3383 et
696 3352 755 3409 rtur
770 3333 806 3385 est
826 3330 903 3385 locut
925 3331 1126 3403 spectatorum,
1148 3347 1182 3386 ut

175 3409 246 3482 apurl
270 3386 432 3464 Petronium
454 3431 476 3466 c
494 3426 542 3480 51.
560 3413 609 3483 68.
628 3430 655 3469 et
697 3420 766 3471 adeo
781 3435 833 3490 pro
847 3413 963 3471 θεαταῖς
976 3417 1040 3489 ipsit
1055 3416 1182 3478 dicatur.

175 3494 571 3572 infragnteutitzllexnnrlrini
589 3519 657 3573 puu-
698 3522 761 3555 curn
786 3520 836 3555 not
860 3519 913 3574 pro
943 3503 1018 3555 suerin
1047 3500 1183 3554 soleamus

175 3578 199 3629 ri
222 3594 352 3651 parteis
336 3581 392 3633 suat
416 3583 657 3658 ιςιιιιιίηδειιιο.
698 3587 797 3639 dicere.
848 3586 894 3641 sie
921 3606 946 3645 1,
977 3586 1012 3645 6,
1042 3598 1093 3656 45.
1124 3602 1184 3640 tott

177 3678 238 3714 rum
262 3663 412 3722 domibus,
440 3666 489 3720 ubi
513 3667 601 3720 multu
622 3667 656 3721 de
698 3672 802 3725 rherum
830 3668 988 3723 exclamasse
1017 3670 1126 3724 scimus.
1154 3670 1184 3729 6.

175 3747 209 3798 iit
237 3746 416 3801 cumularunt
441 3752 503 3805 VV.
531 3754 597 3805 Dl).
625 3767 658 3805 ut
701 3775 727 3814 1,
751 3768 800 3819 52.
833 3755 976 3808 ''s'beutrum
1003 3772 1185 3809 commoven-

177 3830 304 3884 etiamad
321 3831 396 3886 hunc
409 3834 493 3888 nostri
510 3834 612 3889 locum.
699 3838 767 3891 dnrn
782 3840 833 3900 est;
858 3841 891 3891 siu
905 3838 1027 3893 Ovidius
1042 3837 1183 3907 (Meum.

217 3912 304 3988 nescio
333 3938 418 3991 quem.
468 3920 523 3972 llic
551 3919 593 3973 loe
587 3922 657 3973 utin
703 3942 749 3982 ιι,
776 3926 847 3993 2.2)
879 3922 1027 3995 Otplteum
1050 3922 1186 3979 theutrum

176 4016 208 4051 et
223 4016 280 4052 uon
295 3999 410 4054 videtur
432 4021 494 4055 cum
511 4019 657 4059 contemtu
698 4006 817 4081 appellit
827 4007 964 4066 volueret
957 4026 1087 4086 artigues,
1101 4008 1187 4081 serat,

177 4084 313 4158 usurpata.
326 4082 372 4139 sed
389 4104 454 4139 cum
465 4086 656 4150 tdtnirttione,
698 4108 765 4165 quat
775 4091 897 4147 canendo
910 4107 1060 4147 attraxerat
1074 4108 1164 4148 vater.
