2596 4710
457 265 799 359 rnnnrrrto.
1095 304 1139 355 u

125 450 312 551 „reliqua
352 446 468 527 facile
504 452 742 531 crediderim
778 455 894 535 fuille
929 458 1136 566 descripta,

126 584 268 687 „quod
292 613 315 661 u
339 589 490 689 Poggio
505 590 609 667 Flor.
628 632 677 646 —
707 617 729 665 e
747 592 957 671 Germania
969 599 1135 677 allatum

126 746 260 811 „nunc
279 724 325 797 in
340 720 712 823 magnificentissimu
731 730 937 805 Laurentii
960 733 1132 813 Medicis

126 858 393 947 „bibliotheca
409 854 640 959 [pectauu.“
694 861 806 937 Idem
827 862 877 938 ad
892 868 1021 965 prima
1042 892 1134 943 ver-
1186 842 1192 855 ’

127 990 176 1067 ba
200 991 397 1093 Epistolee
416 993 468 1067 ad
493 994 757 1097 Tryphonem
777 993 919 1073 limilia
940 997 1023 1074 fere
1043 1028 1131 1079 mo·

125 1144 217 1216 net,
261 1127 336 1202 ubi
369 1125 469 1216 „src“
501 1130 638 1233 inquit
673 1132 742 1219 „in
775 1130 1028 1211 vetustiffimo
1056 1138 1129 1213 illo

125 1264 369 1363 „exemplari
390 1263 503 1363 quod
528 1290 549 1337 a
567 1265 717 1365 Poggio
739 1266 974 1343 Florentino
998 1271 1131 1343 eGer-

125 1400 284 1489 ‚mania
305 1399 407 1475 olim
428 1397 508 1477 fuit
531 1400 714 1489 allatum,
747 1426 880 1502 nuper
905 1404 1131 1479 Florentiae

125 1534 270 1633 ,‚legi.“
353 1535 430 1610 Hic
466 1560 517 1610 an
552 1560 603 1609 ne
635 1534 812 1611 voluerit
851 1537 1018 1637 quidem
1055 1536 1130 1614 nili

127 1664 410 1769 transcriptum
450 1695 473 1744 u
510 1672 661 1771 Poggio
712 1673 940 1772 exemplum
981 1670 1129 1774 fignifi-

127 1828 234 1893 care,
260 1804 328 1879 vel
351 1804 597 1905 archetypon
614 1800 714 1889 fallo
737 1804 985 1896 existimarit,
1015 1810 1128 1909 equi-

127 1937 222 2015 dem
246 1963 333 2017 non
360 1938 541 2017 dixerim.
620 1940 751 2016 Etiam
779 1944 919 2017 Petrus
949 1942 1129 2021 Crinitus

128 2072 179 2151 de
205 2071 371 2150 honesta
395 2072 603 2173 disciplina
629 2090 698 2162 ιθ,
731 2095 752 2146 e
801 2075 994 2151 Codicem
1016 2076 1130 2155 hunc
1251 2172 1254 2176 Α

129 2210 321 2310 aPoggio
346 2208 558 2287 advectum
583 2206 669 2305 (sed
689 2233 712 2283 e
736 2209 873 2299 Gallia,
901 2204 1018 2315 falso)
1039 2236 1130 2285 nur·

129 2338 197 2421 iut.
278 2343 363 2444 Ipse
392 2361 526 2420 autem
553 2342 761 2443 aliquoties
791 2345 910 2421 initio
941 2360 1130 2453 notarum

128 2506 310 2556 mearum
333 2482 579 2579 Poggianum
608 2479 805 2579 appellavi
832 2479 942 2553 hunc
965 2480 1129 2570 librum,

131 2641 223 2693 cum
244 2613 327 2705 ista,
355 2630 518 2717 propter
535 2611 793 2695 Turicenlem
816 2612 1007 2688 Codicem
1026 2630 1130 2704 nata,

130 2751 326 2826 dubitatio
343 2752 387 2826 in
407 2766 581 2825 mentem
600 2746 784 2825 nondum
798 2745 970 2823 venillet.
1014 2749 1129 2827 Certe

131 2888 197 2961 vel
217 2887 362 2984 absque
385 2884 616 2961 Mabillonii
639 2882 864 2965 testimonio
885 2880 1036 2973 fuillet,
1062 2910 1131 2957 ve-

130 3017 347 3098 rofimilius
382 3038 464 3095 erut
498 3017 689 3098 Codicem
717 3019 764 3094 ab
796 3020 944 3095 Abbute
971 3018 1131 3117 Sangal-

130 3155 227 3233 lenli
260 3154 483 3234 concellum
511 3154 661 3254 Poggio
689 3150 763 3227 elle
780 3158 921 3255 potius
951 3153 1131 3227 transcri-

128 3293 311 3368 bendum
348 3317 468 3391 quam
501 3287 791 3390 asportandum.
877 3294 928 3365 Et
960 3289 1010 3363 de
1037 3312 1132 3387 opo·

129 3427 284 3529 grapho
307 3424 467 3503 testatur
488 3425 569 3525 ipl'e
583 3424 755 3522 Poggius
783 3398 888 3519 (rid.
907 3423 1017 3498 Febr.
1033 3423 1129 3497 bibl.

129 3564 194 3638 lat.
212 3566 305 3639 Ern.
335 3588 373 3662 p.
395 3566 506 3661 260.)
537 3556 648 3634 ficuti
676 3574 814 3633 monet
841 3560 958 3632 etiam
988 3558 1133 3634 Rundi-

129 3700 235 3775 nius.
295 3697 506 3803 Quidquid
526 3696 571 3771 id
595 3692 650 3769 est
679 3693 728 3770 de
755 3695 1027 3771 Menaechmis
1052 3696 1133 3768 illis

130 3831 332 3909 Codicum
357 3829 686 3931 sangallensium,
722 3845 939 3929 utrumque
968 3831 1134 3921 veterri-

129 3992 247 4042 mum
283 3964 355 4042 ell'e
390 3967 495 4041 milti
528 3967 645 4065 plane
674 3962 910 4066 persuadeo.
986 3967 1133 4062 Neque

721 4098 749 4173 d
782 4122 803 4171 2
