2596 4710
233 284 356 370 uts‘r.
384 300 593 369 onnon
620 301 711 368 um.
743 302 809 386 111,
832 315 867 385 fl.
980 242 1049 395 59}

51 489 265 577 ceterisve;
295 512 338 563 uc
356 512 443 565 non
467 476 781 587 uuiuscujusque
806 512 948 563 eorum
974 486 1057 566 for·

55 723 160 781 suadit
180 723 257 780 Voss.
277 742 303 777 1.
329 723 360 779 C.
384 723 508 801 Yampso.
551 724 621 779 Tur.
637 720 718 778 noel.
734 721 821 778 Andr.
838 720 908 780 otu.
923 724 1054 781 Domitio.

56 809 128 865 Edd.
156 825 218 862 ante
239 806 318 864 anrl.
349 826 426 861 mene
447 826 544 863 omnes
569 810 598 863 C.
622 809 742 863 Domitio
768 808 854 876 (nam
876 811 1011 867 Venetam
1034 812 1056 865 C

55 880 187 948 omittere
199 891 265 948 salso
280 907 372 945 narrat
386 892 481 962 Gibs.)
503 892 581 947 Bastl.
605 892 634 948 C.
651 893 771 947 Domitio
784 908 811 946 et
824 893 926 966 Appio.
961 892 1056 948 Guelf.

58 979 145 1034 Goth.
162 973 235 1033 vall.
259 981 272 1044 (
280 976 415 1031 referente
429 977 538 1044 Badio)
562 979 591 1033 C.
609 978 717 1051 Appio.
738 975 841 1051 quibus
856 977 981 1033 accedere
996 996 1057 1031 ner·

58 1079 135 1117 ratur
158 1061 233 1117 Alm.
254 1061 330 1136 quud
350 1080 460 1115 mecum
481 1060 675 1122 mirabuntur,
716 1060 766 1135 qui
792 1060 883 1116 adhuc
913 1063 1056 1119 summum

58 1146 236 1203 attenderunt
251 1144 326 1201 Alm.
350 1159 378 1200 et
400 1146 495 1202 Turio.
518 1148 686 1201 consensum.
728 1145 802 1203 Vols.
829 1159 847 1198 2
870 1164 929 1200 non
952 1165 1057 1201 memo·

57 1247 135 1287 ratur
149 1247 176 1285 et
192 1230 257 1285 sicit
269 1229 345 1285 htttd
358 1229 444 1285 ‹lubie
459 1250 522 1285 cum
530 1230 615 1285 Goth.
644 1230 739 1302 Hujus
753 1244 845 1283 etitem
862 1230 1024 1305 scripturam
1040 1250 1056 1283 a

58 1314 187 1390 Gry-phio
207 1314 370 1371 inclemens
390 1315 549 1390 praeferunt
571 1334 676 1369 omnes.
717 1316 894 1369 Burmannus
909 1316 1058 1371 Domitium

60 1417 163 1455 temere
180 1398 347 1471 ejiciendum
361 1402 412 1455 esse
425 1416 515 1478 negat,
536 1400 602 1472 quia
617 1399 715 1455 Cicero
733 1399 758 1451 ei
773 1399 907 1473 scripserit
923 1398 1057 1455 laudatio·

58 1504 124 1539 nem
147 1484 259 1539 Porcius
281 1484 378 1541 uxoris
399 1484 446 1539 vel
468 1485 571 1538 nrauis.
622 1485 680 1540 Cic.
703 1482 738 1536 nd
757 1486 817 1537 Att.
845 1497 898 1551 ιδ,
927 1497 977 1552 57.
1003 1494 1055 1557 48.

58 1566 180 1628 Videtur
194 1570 372 1625 Burmannus
391 1569 527 1623 rationem
547 1567 700 1623 Basileensu
724 1566 766 1621 ed.
787 1566 904 1641 probare
923 1588 978 1643 qun
999 1567 1058 1623 cluo

58 1653 173 1709 nomina
189 1654 416 1731 conjunguntur,
434 1672 517 1727 quam
533 1652 588 1727 ipse
611 1671 742 1725 quoque,
764 1666 799 1704 ut
818 1651 999 1714 tutissimum,
1021 1653 1058 1715 se-

58 1754 158 1811 querer
171 1737 191 1789 st
206 1734 280 1791 ulltu
293 1736 480 1791 ostenderetur
495 1737 601 1796 Codex,
621 1737 722 1809 inquo
738 1735 810 1789 esset.
852 1736 952 1809 Neque
966 1750 1060 1790 tumen

58 1820 128 1876 locis
153 1820 208 1873 istis
228 1819 263 1874 ed
282 1821 408 1875 Atticum
430 1820 571 1875 mnufesto
594 1834 721 1893 apparet,
751 1819 875 1893 scripsisse
895 1823 1059 1877 Ciceronem
1130 1812 1137 1827 ⁸

57 1902 133 1959 hauc
158 1904 311 1957 orationem
332 1925 347 1959 a
367 1904 498 1959 Domitio
519 1904 772 1979 pronuncimdam‚
805 1904 954 1975 quonium,
993 1924 1059 1958 cum

59 1986 200 2047 Domitio.
222 1990 328 2043 Brutus
342 2006 455 2060 qttoque
470 2000 649 2046 memoratur,
667 1988 714 2040 cui
728 1986 804 2040 mitti
817 1985 913 2042 debeat
928 1987 1059 2041 laudatio.

61 2070 149 2132 Valde
163 2071 258 2125 similis
274 2072 333 2126 sune
348 2072 384 2127 cll
399 2072 471 2125 ratio
485 2071 530 2127 Ad
546 2074 600 2147 Qu.
615 2071 651 2124 sr.
668 2085 696 2139 3,
717 2081 738 2141 8
767 2072 894 2131 „Scrrmi
908 2071 1061 2129 Domestici

60 2155 132 2221 „lilii
146 2156 230 2209 sunus
248 2154 455 2230 perluctuosum
470 2156 526 2212 sitit
546 2186 589 2199 ·-·
608 2154 751 2210 Lnutlarit
764 2169 842 2229 pater
851 2154 956 2230 scripto
971 2167 1061 2212 meo.“

61 2258 146 2317 quem
167 2239 261 2294 locum
282 2238 347 2294 citit
364 2243 462 2295 Burm.
504 2244 626 2313 Appium
645 2239 767 2293 alienum
782 2239 833 2294 osse
854 2258 869 2292 e
891 2240 983 2295 nostro
997 2238 1059 2294 loco

61 2325 111 2383 vel
134 2342 300 2401 praenomen
318 2324 364 2385 C..
393 2323 469 2399 quod
484 2324 613 2385 additur.
640 2314 764 2378 ollendir.
808 2323 855 2378 Sic
870 2325 944 2378 enim
960 2327 1061 2379 Miuu-

63 2412 119 2466 tittt
137 2410 171 2464 tul
188 2408 246 2465 cic.
261 2408 294 2463 ad
308 2409 379 2464 Div.
400 2430 432 2471 ι,
455 2422 484 2479 3.
524 2409 582 2472 „Y.
598 2407 722 2482 Appiur‘
744 2407 835 2483 (sputi
860 2410 983 2462 nnllrum
999 2408 1061 2481 qui·

62 2494 126 2549 ‹lern
141 2490 205 2548 lnl.
228 2493 258 2549 C.
275 2494 366 2569 ΛΡΝ
389 2493 435 2550 sod
449 2492 546 2549 eodem
560 2492 656 2559 redit)
675 2492 796 2555 „mendo
815 2494 973 2547 manifesto:
996 2492 1061 2566 quit

61 2578 138 2641 „duo
153 2577 332 2652 praenomina
346 2576 426 2632 simul
442 2579 563 2632 essenon
578 2576 718 2651 pollunt.“
759 2579 852 2651 ipsum
869 2590 962 2631 tumen
977 2578 1060 2629 etium

64 2665 177 2717 Domitii
197 2679 316 2720 nomon.
343 2680 407 2715 ctun
429 2662 587 2735 praesertim
601 2661 631 2713 in
646 2659 734 2717 Codd.
752 2662 781 2715 C.
799 2665 981 2734 atttepositum
1002 2676 1061 2714 nott

62 2744 232 2803 inveniatur,
254 2760 386 2815 occupare
400 2746 494 2807 minue
507 2746 569 2799 noti
584 2742 661 2797 illius
679 2746 712 2799 Τ.
721 2747 813 2817 Ampii
826 2743 919 2799 locum
932 2744 1060 2819 potuisse·⁴

64 2827 200 2882 existimo.
244 2826 283 2880 M
296 2826 372 2887 inest,
392 2831 452 2881 etP
469 2844 532 2883 cum
546 2828 572 2883 Τ
586 2844 645 2881 nou
660 2843 723 2879 rnro
737 2828 919 2883 confunditur
932 2828 963 2881 in
979 2830 1059 2885 MSS.

64 2912 100 2966 cs.
118 2906 259 2965 Drakenb.
280 2908 314 2963 ad
334 2910 401 2965 Liv.
424 2924 480 2979 27.
505 2922 557 2979 15.
582 2930 628 2965 ir.
670 2911 745 2966 Nem
765 2911 835 2984 quin
850 2914 963 2986 Ampius
985 2910 1016 2967 lt.
1038 2911 1059 2967 L

64 3000 120 3052 sine
142 3011 235 3049 errore
257 2992 373 3069 scriptus
397 2997 429 3049 fit
451 3014 466 3047 a
490 2993 627 3055 librariis,
647 3011 747 3055 nemo.
768 2996 886 3073 opinor,
907 2994 1058 3057 dubitabit.

61 3080 113 3155 qui
127 3076 289 3175 expenderit
308 3076 415 3135 nullum
438 3078 517 3134 luisse
533 3081 699 3135 occefionem
714 3093 771 3133 tem
791 3078 976 3155 praeposterae
996 3079 1059 3137 scri·

65 3291 134 3347 ¹⁰5·
161 3280 251 3339 Varro
267 3277 301 3333 tle
316 3277 375 3333 vite
391 3276 491 3353 Populi
504 3283 539 3334 R.
579 3278 675 3353 potuit
695 3276 750 3332 ltoc
770 3278 838 3335 ideo
855 3278 985 3354 frequens
1005 3280 1059 3339 ell'e

61 3364 204 3442 instagm.
219 3382 261 3438 ap.
278 3366 354 3420 Non.
366 3382 396 3445 p.
413 3374 471 3438 249
495 3361 538 3417 ed.
579 3362 652 3416 inter
674 3365 829 3426 Romanos,
863 3366 914 3439 qui
933 3366 1058 3440 patronis

62 3450 125 3522 Bip.
155 3451 234 3507 Varr.
276 3446 411 3522 Exempla
439 3448 539 3502 orntio·
580 3446 758 3503 toletanensi
777 3449 806 3503 in
827 3449 945 3520 judiciis.
975 3452 1010 3505 cs.
1029 3465 1059 3512 2,

64 3552 132 3587 nrtm
167 3531 229 3586 aliis
264 3534 426 3608 scriptarum
460 3535 539 3586 aslert
584 3544 638 3599 ¹5·
667 3546 716 3599 50.
760 3535 793 3585 ln
820 3532 912 3588 nostro
942 3535 1057 3609 quidem

61 3621 160 3675 Burm.
187 3616 247 3672 Cic.
269 3616 304 3672 ele
322 3619 401 3675 Oret.
427 3632 460 3680 2,
488 3627 539 3690 84.
579 3615 642 3671 loco
657 3615 691 3669 cle
708 3614 838 3671 industrie
851 3619 1058 3675 videnturcon·

64 3701 142 3775 quod
163 3700 199 3755 est
219 3699 318 3762 Laelii,
336 3716 364 3754 et
381 3701 439 3758 cic.
454 3701 489 3756 acl
505 3706 539 3775 Q.
578 3701 661 3779 jungi
682 3701 829 3755 earumdem
858 3701 889 3757 in
916 3703 1058 3778 republica

10 3794 21 3809 ⁸
63 3789 176 3841 fratrem
195 3799 230 3853 5,
251 3793 280 3855 8.
301 3786 378 3859 quod
399 3788 435 3840 esi
456 3787 540 3860 ipfittt
580 3784 703 3859 partium
716 3786 788 3848 riri.
817 3788 966 3861 primarius
980 3788 1059 3852 alter,

66 3870 216 3927 Ciceronis.
261 3873 319 3925 Hae
339 3884 430 3924 tamen
446 3874 540 3927 sunto
579 3868 649 3924 ulter
663 3866 811 3933 obscurior,
828 3890 948 3946 quorum
956 3875 1060 3930 utrius·

63 3973 164 4034 genere
190 3954 412 4009 demonstrativo.
460 3955 542 4015 ludi·
581 3973 636 4027 que
661 3955 811 4032 imaginem
840 3956 989 4037 diligenter
1013 3979 1059 4016 ex·

62 4038 138 4093 cislis
153 4052 244 4092 eutem
262 4038 433 4093 manile-llum
449 4059 542 4093 exem·
582 4037 705 4115 presserit
722 4040 829 4097 Cicero.

63 4124 142 4199 plum
172 4122 262 4178 adhuc·
291 4121 430 4184 desidero,
450 4142 540 4200 neque
