2878 4812
273 417 347 488 σω
517 357 574 486 tu.
597 363 698 486 rio.
721 392 1032 507 octrumum

272 598 561 706 quaestionem,
617 601 776 678 alterius
808 599 1094 695 judicationem
1121 615 1275 699 putant

272 718 457 826 Quaestio
486 720 701 821 qualitatis,
742 714 813 792 An
838 731 939 791 recte
968 713 1145 791 Clodium
1171 715 1275 792 Milo

238 910 240 918 ,
271 836 477 911 occiderit?
503 833 698 918 Iudicatio
716 832 1002 928 conjecturalis,
1028 831 1099 908 An
1117 829 1275 906 Clodius

230 945 430 1060 16instdios
441 945 617 1058 fecerit?
654 951 817 1050 Pouunt
832 963 872 1021 et
889 945 1016 1036 illud,
1046 943 1159 1046 saepe
1184 971 1277 1022 cau·

269 1063 351 1143 [am
381 1067 427 1140 iu
461 1068 635 1166 aliquam
657 1088 743 1138 rem
764 1063 930 1150 dimitti,
984 1085 1086 1160 quae
1114 1083 1199 1136 non
1227 1057 1275 1134 stt

268 1183 431 1284 propria
455 1178 713 1284 quaestionis,
747 1194 787 1252 et
806 1177 856 1252 de
874 1202 919 1252 ea
938 1175 1114 1271 judicari.
1145 1175 1275 1274 aqui·

267 1297 344 1372 bus
360 1297 537 1372 multum
551 1291 744 1370 diffentio.
803 1293 911 1370 Nam
932 1309 974 1366 et
991 1292 1061 1366 illa
1084 1289 1278 1391 quaestio,

267 1411 339 1490 An
361 1411 509 1500 omnm,
560 1414 627 1510 qui
652 1397 823 1506 puterna
852 1403 952 1484 bono
988 1399 1272 1516 consumseriut,

269 1532 443 1604 concione
445 1521 530 1638 smt
538 1519 792 1624 prohibendi?
819 1524 960 1598 habeat
981 1538 1142 1622 oportet
1161 1519 1271 1598 suam

266 1641 562 1740 judicationem.
628 1643 734 1740 Ergo
755 1639 935 1715 nonalia
958 1635 1157 1737 quaestio,
1195 1637 1271 1714 ulia

266 1757 459 1852 judicatio
476 1759 568 1845 erit;
599 1751 668 1828 sed
682 1757 817 1852 plures
832 1750 1090 1852 quaestiones,
1120 1766 1161 1826 et
1176 1753 1271 1852 plu·

223 1863 329 1954 1'7res
351 1870 623 1966 judicationes.
680 1865 819 1972 Quid?
849 1867 999 1943 nonin
1017 1864 1127 1942 causa
1143 1869 1271 1944 Milo·

264 1987 328 2064 nis
359 1981 442 2085 ipsa
474 1988 699 2077 conjectura
725 1978 898 2056 refertur
929 1979 980 2056 ad
1011 1983 1339 2083 qualitatemissoo

264 2126 359 2178 uam
384 2097 414 2174 fi
437 2096 493 2175 est
518 2094 722 2174 insidiatus
750 2096 940 2210 ¹Clodius,
975 2093 1175 2197 sequitur,
1218 2114 1267 2176 ut

160 2263 162 2268 ·
264 2231 370 2293 recte
390 2212 436 2291 stt
457 2211 616 2289 occisus.
672 2215 784 2292 Cum
797 2237 895 2324 vero
917 2214 962 2286 in
987 2213 1162 2313 aliquam
1180 2240 1265 2291 rem

264 2327 373 2408 miffa
388 2327 511 2420 cattia,
538 2335 579 2406 e't
590 2323 782 2406 receffum
800 2325 854 2404 est
868 2353 890 2404 a
904 2327 1144 2428 quaestione,
1163 2354 1263 2430 quae

326 2545 398 2602 hene
411 2544 609 2623 consumserur.
631 2543 723 2604 Guelf.
738 2545 764 2601 b.
780 2542 987 2621 consumserunt.
1008 2545 1262 2606 roruffcneemcle.

323 2629 439 2706 refertur
452 2632 489 2685 ad
504 2633 595 2708 qual-v
619 2631 715 2687 Turic.
738 2628 874 2706 referatur
893 2653 920 2686 a.
942 2652 968 2707 q.
996 2649 1061 2686 curu
1077 2630 1154 2687 olm.
1176 2632 1261 2690 Goth.

262 2713 338 2770 Voff.
353 2729 371 2782 5
387 2719 443 2785 (eu
461 2714 523 2784 ni)
544 2715 616 2774 Voll.
638 2713 780 2788 (narrante
793 2714 897 2788 Badio)
920 2729 948 2770 et
961 2713 1022 2770 edd.
1039 2730 1101 2770 ente
1115 2719 1194 2772 Rufe.
1212 2718 1262 2791 qui

260 2798 371 2870 primur
391 2797 577 2854 indicativum
599 2800 722 2876 reposuit
742 2817 778 2854 ex
799 2799 970 2854 correctione
989 2801 1081 2878 negti.
1124 2801 1176 2858 Sed
1196 2799 1261 2857 Atd.

259 2897 288 2936 ct
307 2883 363 2956 ipse
376 2884 598 2954 conjunctivum.
640 2887 677 2940 Et
692 2881 806 2959 praestet
827 2883 874 2938 hic
892 2883 968 2946 fere,
992 2903 1056 2938 cum
1077 2885 1159 2960 possit
1175 2886 1262 2962 accipi

260 2965 431 3042 potentialis.
653 2965 927 3047 causa-aquacst.
971 2969 1066 3023 Turio.
1082 2991 1104 3024 c.
1117 2967 1156 3044 est
1169 2993 1192 3026 r.
1202 2986 1260 3026 eto

259 3055 273 3117 (
280 3069 337 3105 uon
353 3057 391 3122 a)
407 3073 451 3128 qu.
474 3051 517 3107 sed
533 3073 548 3106 r
562 3071 647 3106 mauu
661 3051 775 3109 fecunda
790 3049 827 3130 τῇ
846 3067 873 3106 et
892 3051 1104 3128 superscriptum
1118 3051 1172 3129 est,
1193 3072 1260 3110 cum

259 3134 354 3190 Guelf.
368 3135 476 3192 etAlm.
490 3136 541 3190 uifi
555 3137 632 3210 quod
645 3135 687 3191 ibi
699 3135 777 3191 nulla
791 3131 840 3190 τοῦ
852 3152 880 3191 et
894 3137 1028 3190 correctio
1043 3151 1071 3191 et
1084 3159 1102 3191 α
1117 3137 1153 3191 est
1165 3156 1217 3213 pro
1233 3160 1257 3196 e.

258 3223 339 3275 Hanc
357 3221 444 3295 ipsum
459 3222 620 3294 scripturam
642 3221 688 3275 dat
701 3220 765 3276 ild.
780 3236 808 3276 et
824 3238 921 3298 margo
936 3219 1015 3276 Btfil.
1058 3221 1111 3276 Sed
1126 3221 1213 3277 Goth.
1229 3237 1259 3278 et

256 3307 354 3363 Ioeuu.
370 3326 392 3359 e.
408 3301 447 3380 cst
460 3325 482 3359 r.
500 3301 538 3380 est
552 3326 578 3359 a.
594 3327 618 3382 q.
642 3323 706 3359 cum
722 3304 784 3358 cdd.
799 3305 945 3362 incitante
964 3307 1060 3367 Rufo..
1084 3305 1134 3380 qui
1148 3308 1257 3384 primun

256 3385 315 3462 (cf.
334 3398 369 3458 5.
388 3399 424 3458 8,
446 3387 508 3458 62)
532 3389 640 3443 omittit
660 3387 700 3465 ost
721 3389 796 3444 incer
811 3409 862 3444 rec.
880 3403 907 3444 et
928 3412 963 3451 a.
989 3405 1016 3445 ct
1029 3391 1257 3463 quocum,fuccre

254 3473 371 3528 videtur
385 3471 472 3528 Andr.
515 3475 593 3530 Hanc
614 3473 749 3528 rationem
770 3487 866 3528 teuent
888 3473 990 3530 Bediue
1008 3492 1160 3548 omnesque
1180 3495 1257 3530 meae
1323 3484 1326 3492 '

255 3571 318 3612 ente
332 3558 482 3619 Stoerium,
504 3559 554 3632 qui
569 3560 676 3632 primur
690 3557 736 3611 dat
750 3564 899 3632 receptamJ
919 3573 947 3613 et
961 3559 1043 3632 ipsius
1051 3553 1166 3618 Gesncri
1181 3581 1203 3614 c.
1216 3557 1256 3636 eft

254 3657 283 3696 et
297 3665 319 3697 r.
334 3663 353 3697 α
367 3664 394 3719 q.
423 3641 493 3698 Obr.
516 3643 633 3697 nostram
656 3642 792 3717 praefert.
820 3661 891 3715 quae
913 3659 977 3698 cum
1001 3641 1082 3698 facile
1106 3659 1254 3699 eruature

111 3785 118 3800 ἱ
210 3785 219 3791 ,
254 3725 345 3786 codd.
369 3725 520 3800 exemplis,
547 3727 632 3782 modo
655 3727 749 3803 priore
766 3725 828 3782 loco
848 3723 888 3804 est
907 3741 997 3782 mutet
1018 3726 1050 3780 in
1071 3744 1099 3782 ee
1120 3727 1254 3786 leniffune

297 3914 362 3970 Cum
384 3932 448 3968 vero
471 3942 515 3958 -
536 3913 582 3968 ubi
599 3913 746 3984 judicatio
774 3913 811 3970 est
821 3911 966 3986 judicatio,
979 3913 1099 3988 quaestio
1109 3915 1191 3969 etiam
1200 3913 1252 3970 css'e

253 3996 301 4074 eft.
340 3998 481 4052 Sententia
512 3997 578 4052 lucc
601 3997 731 4052 videtum
773 3996 888 4053 diceudo
909 3997 954 4052 est.
991 3999 1037 4054 stc
1052 4000 1125 4074 cepit
1140 3999 1252 4072 choy·
1355 3993 1359 4002 ¹

251 4083 419 4155 Ubicunque
435 4101 449 4133 e
463 4082 554 4155 prima
575 4081 731 4155 quaestione
771 4101 833 4137 nur.
858 4079 1082 4137 Sedlocumuou
1096 4101 1252 4157 usquequa·

249 4167 382 4222 reccss'um
398 4165 450 4225 est.
471 4165 569 4220 eodem
583 4165 657 4228 loco,
679 4165 730 4224 ubi
770 4185 825 4242 que
838 4167 930 4226 [nuum
946 4183 1027 4242 puto.
1050 4168 1086 4224 cf.
1102 4183 1160 4224 not.
1177 4168 1250 4225 crit.

248 4269 324 4307 nuuc
350 4247 411 4327 post
436 4267 497 4304 erm
524 4245 727 4328 digressioncm.
769 4267 829 4307 erae
848 4266 890 4298 -ὺ-
911 4249 1040 4330 quaestio·
