2596 4710
373 273 495 347 INST.
523 276 732 351 ORATOR.
757 279 848 348 LIB.
873 279 931 367 ΙΙ,
956 300 1016 351 ao.
1121 291 1192 369 401

194 462 258 542 dis
274 489 319 539 ac
333 490 416 541 non
431 461 610 541 dicendis
622 466 706 540 erit
765 467 833 555 Et,
862 460 890 539 ti
904 466 1071 541 virtutes
1091 464 1220 559 iunco

195 580 247 655 od
269 605 364 679 quas
387 577 524 668 nobis,
554 583 672 654 etiam
696 582 785 656 ante
809 604 928 685 quom
949 580 1195 674 doceremur,

193 696 309 771 initia
325 692 518 795 quaedam
533 721 576 768 ac
591 693 738 771 semina
752 693 844 773 sunt
857 692 1028 773 cancella
1044 712 1196 788 natum,

195 826 242 887 ut
259 810 309 885 ad
328 809 538 906 justitiam,
565 816 679 902 cujus
698 809 852 887 rusticis
872 836 1035 911 quoque
1049 814 1196 889 cebar-

192 924 300 1002 baris
322 941 482 1026 apparet
501 927 631 1026 aliqua
649 929 799 1026 imago:
829 952 902 1003 nos
924 942 1026 1001 certe
1051 923 1099 1001 stc
1121 925 1194 1003 elle

159 1118 169 1127 ,
193 1041 243 1116 a‘b
261 1040 379 1117 initio
392 1037 601 1129 formatos,
628 1056 674 1117 ut
689 1039 885 1141 pollemus
902 1067 1013 1116 orare
1030 1069 1104 1142 pro
1123 1068 1196 1119 no·

192 1156 274 1245 bis,
302 1152 449 1231 etiamsi
480 1181 564 1231 non
593 1154 782 1256 perfecte,
811 1174 941 1232 tamen
963 1173 1011 1232 ut
1031 1154 1196 1233 inellent

193 1270 388 1371 quaedam
405 1272 476 1365 (ut
492 1269 600 1370 dixi)
617 1270 764 1346 semina
778 1279 860 1363 eius
878 1270 1085 1367 facultatis,
1114 1298 1197 1347 ma·

192 1382 384 1463 nifestum
404 1381 470 1459 est.
530 1389 628 1462 Non
655 1387 792 1489 eadem
818 1403 951 1462 autem
978 1388 1027 1462 iis
1053 1403 1219 1465 natarat

192 1498 428 1588 arithmon,
456 1526 557 1601 quae
574 1527 596 1574 a
615 1502 764 1578 virtute
780 1501 872 1578 lunt
888 1518 1071 1578 remotae.
1120 1488 1195 1576 Ita·

193 1640 273 1719 que
289 1641 382 1692 cum
397 1614 480 1692 duo
499 1614 572 1691 ssnt
588 1642 730 1717 genera
750 1619 950 1705 orationis,
971 1619 1089 1690 altera
1102 1640 1195 1715 per·

190 1746 331 1831 petua,
360 1756 460 1832 quae
489 1730 674 1808 rhetorice
701 1733 869 1821 dicitur,
899 1734 1018 1807 altera
1034 1726 1195 1841 connisa,

193 1871 298 1946 quae
315 1846 510 1921 dialectice
519 1875 535 1939 ,·
562 1872 659 1946 quas
675 1847 839 1946 quidem
855 1852 964 1922 Zeno
981 1846 1079 1927 adeo
1100 1873 1195 1924 con·
1219 1858 1222 1865 '

192 1963 337 2057 junxit,
356 1977 403 2037 ut
417 1961 519 2035 hanc
535 1959 769 2060 comprellae
783 1964 828 2037 in
842 1987 1025 2062 pugnum
1041 1986 1195 2051 manus,

194 2076 306 2152 illam
321 2077 527 2176 explicitae
544 2074 691 2159 diceret
709 2074 893 2151 similem:
925 2078 1043 2151 etiam
1060 2075 1195 2176 dispu-

193 2193 310 2266 tatrix
331 2195 460 2267 virtus
479 2193 571 2265 erit:
606 2191 705 2267 adeo
726 2191 777 2267 de
802 2192 893 2280 hac,
922 2215 1022 2291 quae
1046 2189 1196 2291 specio·

127 2305 273 2392 aoalior
294 2325 412 2404 atque
439 2309 612 2407 apertior
635 2322 743 2382 tanto
766 2304 839 2394 est,
868 2307 972 2381 nihil
997 2305 1198 2380 dubitabi-

192 2437 271 2498 tur.
329 2421 405 2496 Sed
421 2422 577 2522 plenius
593 2421 672 2498 hoc
688 2421 796 2496 idem
810 2437 926 2522 atque
940 2422 1114 2522 apertius
1131 2421 1221 2504 'tn-8

255 2655 289 2707 iit
301 2679 344 2695 -·
355 2651 465 2706 arettas.
509 2649 554 2704 Sic
569 2648 661 2705 Guell.
676 2664 703 2704 et
718 2649 804 2705 Goth.
824 2653 894 2717 (tac.
912 2651 1006 2717 Geln.)
1020 2669 1084 2704 cunt
1101 2649 1195 2711 ceteri.

193 2751 229 2792 nt
243 2749 272 2790 et
287 2734 385 2796 Geta,
406 2735 473 2787 dent
489 2735 544 2794 tis,
567 2752 665 2807 parum
684 2735 881 2788 convenienter
898 2734 925 2786 h.
942 2733 960 2786 l.
983 2734 1017 2786 cl.
1037 2749 1064 2793 α,
1084 2754 1108 2792 1.
1126 2748 1153 2787 2.

255 2821 338 2877 Zeno.
382 2817 474 2874 Gttell'.
499 2820 589 2873 Zenon
618 2837 682 2872 cum
714 2817 853 2892 plerisque
877 2817 964 2871 Coald.
990 2833 1017 2871 et
1039 2815 1101 2870 edd.
1123 2817 1196 2876 Jent

193 2907 267 2971 (tac.
292 2905 388 2978 Gelu.)
408 2902 524 2975 aliitque
548 2915 618 2955 vett.
662 2905 746 2957 Tarv.
772 2917 862 2955 tamen
884 2917 911 2954 et
931 2904 1000 2957 Ven,
1023 2900 1090 2955 dant
1112 2902 1195 2956 Zeno.

192 2988 364 3062 Scripturam
383 3006 432 3060 per
454 3008 471 3039 n
493 3003 551 3038 non
572 2986 623 3039 elle
640 2984 674 3038 de
689 2984 778 3038 nihilo
792 2986 872 3038 docet
891 2984 968 3039 locus
987 3005 1012 3058 ι..
1028 2998 1056 3053 5,
1073 2984 1122 3040 60.
1138 3003 1196 3061 quo
1225 3021 1229 3029 ·

194 3086 223 3127 et
239 3075 334 3128 Bntm.
352 3072 468 3150 ablegat.
511 3073 581 3125 Eam
598 3085 625 3124 et
646 3069 693 3123 hic
708 3070 852 3124 revocavit
866 3068 936 3124 ota.

238 3272 321 3327 Zeno.
353 3271 419 3326 vide
440 3274 514 3325 Sext.
539 3273 621 3342 Emp.
645 3287 673 3341 p.
716 3281 744 3320 et
761 3267 861 3323 deinde
876 3268 1037 3341 increpatur
1052 3267 1135 3340 quali.
1159 3266 1195 3321 οἱ

196 3366 257 3429 289
278 3371 305 3410 et
320 3371 413 3410 notam
432 3354 511 3409 Febr.
528 3357 557 3408 P.
600 3356 675 3407 Loca
711 3349 920 3426 sermocinatrix
936 3367 970 3419 3,
987 3362 1022 3423 4,
1043 3368 1088 3404 ιο.

195 3441 339 3497 Ciceronis
359 3439 426 3495 haec
447 3440 522 3493 lnnt:
548 3438 628 3493 Acad.
645 3447 673 3508 4,
759 3438 837 3491 adeo.
861 3438 946 3495 cave,
961 3435 1075 3508 accipiat
1089 3433 1195 3487 dictum

195 3536 246 3599 47.
270 3524 303 3578 de
317 3526 377 3578 Fin.
394 3539 421 3585 2,
436 3524 463 3578 6.
487 3524 566 3579 Orat.
584 3536 632 3589 32.
715 3540 767 3594 pro
782 3522 851 3575 ideo.
875 3522 972 3574 El'tlna
988 3518 1125 3592 potestate,
1142 3536 1195 3591 pro

238 3609 414 3681 disputatrix.
458 3610 524 3665 Non
539 3612 593 3661 line
606 3622 674 3678 quo·
715 3621 779 3664 tam,
794 3619 941 3678 tantopere.
971 3605 996 3658 Τ
998 3601 1086 3657 nrlell.
1102 3622 1130 3677 p.
1144 3613 1196 3674 42.

194 3691 259 3748 (lam
277 3708 435 3747 contemtus
451 3692 543 3747 colore
558 3691 611 3744 hoc
626 3708 675 3743 no·
717 3691 773 3746 No.
799 3703 826 3762 α.
867 3691 960 3766 Jnnge
986 3703 1094 3742 autem:
1126 3685 1196 3743 adeo

194 3796 262 3832 men
290 3776 447 3832 dialecticae
475 3777 571 3845 datum
604 3773 677 3828 nbi-
717 3774 793 3828 niliil.

196 3876 267 3921 ποτ,
283 3880 341 3934 qno
360 3863 453 3916 minna
467 3863 557 3916 lecum
572 3877 678 3937 pugna·
761 3857 813 3912 Sed
828 3858 941 3929 plenius.
963 3853 1197 3929 Orditnrplanio·

195 3964 227 4001 re
247 3947 378 4000 videatur
397 3950 450 4020 Qu.
471 3944 522 4019 qni
539 3950 677 3999 oratricem
718 3963 772 3997 rem
792 3941 885 4001 illam,
915 3960 999 4014 qnam
1026 3939 1196 4014 promiserat.

195 4029 401 4106 improbaverit
426 4045 461 4091 2,
482 4040 580 4102 ¹4⁹²·
624 4027 678 4081 sed
718 4025 912 4102 probationem.
953 4026 999 4079 An
1028 4025 1117 4103 igitur
1138 4023 1198 4096 pla·
1262 4044 1265 4049 ·

194 4112 354 4190 imponitur
375 4118 488 4191 persona
510 4111 678 4174 dialecticae.
719 4114 802 4166 nias?
823 4110 858 4166 cf.
875 4104 1108 4169 acaecitate.
1126 4104 1197 4174 M·
1218 4108 1222 4122 ’
1247 4133 1251 4141 »

220 4200 322 4255 ·Tom.
340 4201 361 4253 l.
759 4197 808 4253 Co
987 4199 991 4207 '
