2806 4800
295 381 365 452 ψ
401 338 403 354 “
530 357 585 427 Μ.
612 357 712 426 aaa.
739 356 1072 448 pumuntur·

291 545 472 621 exactori
500 559 569 620 aut
591 544 678 616 vim
702 545 744 618 C.
771 539 943 618 Caesaris
965 542 1170 642 fregerunt
1194 545 1294 624 editi

243 676 283 732 55
292 664 339 735 de
370 659 557 766 analogia
582 658 703 733 iibri?
743 671 810 732 aut
838 656 930 734 ideo
961 661 1097 734 nrinus
1133 659 1293 736 Messala

239 829 243 836 -
287 777 459 862 nitidus,
488 769 787 874 quia-'quosdam
803 783 907 849 totos
927 773 1084 850 libellos
1101 801 1185 850 nou
1202 803 1292 852 ver-

288 893 349 966 bis
376 889 499 966 modo
531 885 713 987 singulis,
753 883 963 962 sedetiam
996 890 1121 964 literis
1151 890 1291 968 dedat

287 1009 386 1082 Non
401 1001 552 1081 obstant
567 1004 642 1078 hae
655 999 884 1102 disciplinae
898 1025 970 1104 per
984 1005 1071 1079 illas
1088 1007 1290 1098 euntibus,
1387 1041 1388 1110 j

287 1119 355 1197 sed
370 1105 471 1196 circa
485 1121 571 1195 illas
591 1118 855 1198 haerentibus.
917 1109 925 1130 ⁴

264 1417 273 1428 ,
365 1339 462 1410 v111.
493 1329 674 1434 Superest
689 1334 826 1410 lectio:
855 1335 899 1408 in
915 1357 994 1434 qua
1006 1361 1108 1436 puer
1125 1354 1171 1412 ut
1184 1337 1345 1428 [cianus

287 1453 359 1528 ubi
393 1449 629 1550 suspendere
666 1447 849 1548 spiritum
886 1448 1043 1540 debeat,
1078 1479 1160 1552 quo
1196 1456 1290 1534 loco

286 1565 443 1641 versum
482 1563 742 1663 distinguere,
791 1565 861 1640 ubi
900 1567 1105 1642 claudatur
1142 1567 1292 1660 seusus,
1387 1643 1388 1656 ,

285 1681 396 1758 unde
413 1682 592 1779 incipiat,
610 1679 770 1778 quando
791 1674 1005 1758 attollenda
1022 1685 1088 1756 vel
1106 1680 1291 1758 sununit-
1387 1663 1388 1746 i

286 1795 590 1884 tendantur,
621 1793 721 1894 quid
746 1821 908 1894 quoque
930 1791 1057 1886 flexu,
1081 1799 1182 1898 quid
1200 1801 1291 1876 len·'

348 1981 400 2016 uon
419 1957 513 2016 aterbii.
555 1955 710 2013 Ita'Guelf.
735 1961 788 2012 fine
810 1959 858 2018 de.
885 1958 918 2013 ab
940 1959 1000 2015 aliie
1022 1961 1133 2018 inserto.
1185 1965 1292 2020 Assum

189 2067 193 2077 ·
284 2046 429 2101 amittenti
449 2043 534 2098 multi
556 2042 644 2098 Codd.
660 2058 688 2097 et
705 2045 759 2116 ipsa
776 2044 910 2097 errationis
931 2043 1074 2123 elegantia.
1119 2049 1215 2109 Gesta,
1237 2053 1291 2106 eefi

281 2129 402 2207 probant
417 2130 535 2203 ejectum
553 2128 594 2187 de,
617 2127 722 2182 sectatus
738 2127 773 2180 est
786 2131 883 2182 Burm.
900 2131 1076 2184 retinentem.

230 2271 232 2278 ,
323 2215 387 2292 quid
403 2233 506 2289 qunque
515 2211 607 2284 flexu.
651 2211 739 2266 Codri.
754 2231 810 2264 non
825 2213 942 2266 variant.
985 2216 1091 2293 Regina
1108 2213 1202 2270 abradi
1221 2215 1291 2274 auk

283 2321 334 2376 que
352 2317 386 2352 ex
401 2317 520 2373 petoque.
541 2295 586 2348 cui
602 2293 807 2369 obtemperavit
823 2295 934 2350 Badius.
977 2299 1114 2372 Equidem
1130 2315 1157 2354 et
1172 2299 1233 2360 laic,
1253 2319 1291 2358 ut

283 2385 365 2458 supra'
382 2403 407 2444 ι.
422 2381 451 2441 6,
470 2380 507 2434 16
529 2379 609 2449 (vida
626 2395 685 2433 not.
702 2381 795 2454 crit.)
815 2379 911 2434 malim
933 2402 985 2459 quo
1000 2383 1124 2460 quidque.
1166 2373 1288 2442 Inteiim
1387 2405 1388 2410 ¹

283 2469 372 2523 sensus
390 2464 537 2525 eruendae.
558 2479 590 2518 ut
606 2461 658 2518 illo
674 2463 745 2519 loco.

283 2603 344 2658 liter
366 2598 577 2675 expostulantis,
602 2617 686 2672 quem
708 2617 764 2652 me·
804 2603 848 2654 ris.
886 2597 980 2659 Plures
996 2599 1084 2678 igitur
1098 2600 1209 2658 sortasse
1225 2623 1290 2678 per.

281 2701 373 2742 morat
388 2686 492 2742 Badius
512 2685 658 2744 Ascensus,
678 2685 708 2736 iu
723 2703 763 2736 ce·
804 2685 932 2751 tractavit
954 2684 1063 2746 literas,
1084 2688 1240 2760 nora-solam
1259 2695 1290 2754 S,

282 2785 408 2826 terarum
430 2773 617 2843 interpretum
646 2765 761 2828 silentio,
804 2767 837 2821 de
852 2789 904 2841 qua
921 2767 985 2822 vide
1003 2790 1027 2828 ι,
1046 2785 1072 2834 7,
1095 2785 1143 2838 23.

281 2855 325 2910 sed
343 2858 436 2908 minue
452 2853 509 2906 huc
524 2852 673 2925 pertinent,
694 2869 762 2924 quo·
844 2849 951 2928 osfiarrt
965 2853 1016 2908 stae
1033 2853 1198 2928 ‹sifripsiuau
1228 2845 1289 2932 Ap-

281 2941 356 2992 niam
385 2952 476 3010 neque
497 2934 556 2990 filio
578 2935 614 2990 est
637 2935 761 3010 scriptae.
780 2949 784 2956 “
801 2951 882 3011 paret
897 2955 976 3015 agere
994 2939 1154 3012 scriptorem
1172 2939 1207 2993 de
1223 2957 1288 2994 ora·

280 3041 370 3096 neque
428 3020 553 3096 asperum
608 3037 760 3074 exactorem
803 3021 911 3076 toribus
935 3025 962 3075 et
984 3021 1055 3075 viris
1079 3023 1228 3086 civilibus,
1249 3043 1288 3080 tte

281 3105 398 3161 ostendit
413 3107 585 3162 Ciceronem.
631 3107 760 3160 Ceterum
803 3105 1011 3160 sortevideatur
1021 3103 1186 3178 quibusdam
1197 3109 1285 3182 ipsam

280 3192 316 3246 de
338 3192 451 3268 iugenio
481 3191 521 3244 M.
545 3189 686 3244 Ciceronis
711 3187 763 3241 filii
804 3190 987 3246 Grammatiei
1015 3192 1188 3265 provinciam
1212 3195 1287 3266 sper·

280 3295 344 3329 cnm
371 3273 579 3350 sructupotesi
602 3271 657 3350 legi
676 3271 763 3327 sibel-
803 3293 877 3330 nere.

280 3359 341 3420 lus,
377 3378 459 3432 quem
490 3357 524 3411 de
560 3359 619 3429 ejus
655 3357 762 3410 iustitu-
843 3357 948 3435 uersum
960 3357 1122 3435 distinguere
1146 3360 1165 3414 i.
1180 3379 1204 3414 e.
1221 3379 1288 3416 vet·-

280 3447 358 3498 tione
378 3441 482 3517 scripsit
504 3441 707 3498 Meierotto-V.
726 3443 758 3496 O·
803 3444 861 3497 surm
871 3443 994 3498 medinm
1010 3443 1140 3498 dirimere
1155 3443 1286 3522 legendo,

279 3529 308 3582 iu
336 3529 438 3584 Dubiis
460 3548 487 3601 p.
508 3537 563 3594 173
581 3527 651 3598 seqq.
683 3539 759 3582 utet
800 3543 836 3580 ne
851 3529 957 3600 semper
971 3527 1003 3582 ad
1020 3528 1078 3602 ejus
1094 3529 1175 3581 smem
1186 3529 1286 3584 riecttr·

279 3611 398 3667 Corradi
428 3611 591 3685 Quaestum,
619 3609 666 3674 ede
690 3613 758 3663 Era.
799 3626 843 3664 rat
866 3611 961 3685 ibique
984 3613 1096 3666 demam
1123 3629 1208 3687 ponet
1234 3633 1287 3667 vn-

278 3697 672 3770 l,ips.1750.p.275···77·
801 3713 869 3750 cem.
911 3697 957 3752 De
985 3712 1132 3772 poetarum
1162 3695 1285 3754 lectione

321 3783 354 3834 rie
367 3783 499 3852 analogia
513 3779 582 3833 iibri.
617 3779 685 3834 Non
700 3794 757 3830 uno
800 3779 1053 3858 agiapparetmox
1069 3782 1093 3850 i.
1111 3797 1128 3836 2
1145 3787 1286 3857 quiecer-

278 3863 341 3919 loco
358 3861 706 3921 mctrroratiaveteribue,
726 3875 758 3916 ut
800 3884 860 3918 urea
893 3863 950 3936 est:
987 3879 1015 3919 et
1044 3885 1121 3928 eam,
1150 3883 1284 3942 tanquam

183 3971 185 3980 ¹
276 3948 379 4006 Gellio.
423 3949 481 4022 Ipse
498 3949 605 4006 Cicero,
628 3943 660 3999 ed
675 3963 758 4017 qttem
801 3949 1000 4004 Grammaticee
1025 3951 1198 4025 pr'osessrouie
1222 3969 1288 4026 pet·

276 4050 353 4087 eraut
364 4033 467 4107 scripti,
481 4051 526 4088 eoa
536 4031 668 4112 fignificat
677 4033 758 4085 Brut.
801 4046 857 4087 tem
871 4031 1010 4089 indixerat
1029 4054 1053 4098 1,
1069 4045 1104 4108 4,
1122 4050 1149 4090 2.

275 4137 299 4174 e.
318 4133 366 4184 72.
843 4117 1122 4195 quidquoquejseaee.
1147 4119 1287 4176 rimant.

223 4277 226 4286 .
319 4202 449 4278 precedam
464 4229 504 4246 -
519 4197 626 4256 sesaessos
640 4227 682 4246 ι-
699 4201 759 4256 site·
800 4199 870 4258 Ctit.
