2596 4710
62 348 65 353 ,
160 287 216 336 xx
490 252 834 336 rasataim:

160 448 272 543 lices,
304 447 393 553 post
411 474 586 549 quorum
609 464 773 527 aetatem
790 476 886 525 cum
907 450 1026 525 novis
1052 446 1162 529 'curis

160 587 292 664 adhuc
315 586 484 660 caruerit
505 585 800 688 Quintilianus,
828 583 1080 660 efficiendum
1107 582 1162 659 est

160 720 316 823 aliquid
329 722 373 794 in
393 719 470 794 hoc
486 744 642 818 genere,
671 699 754 818 quo
772 736 810 794 et
826 720 1052 820 aequalium
1072 734 1161 796 tuo·

136 882 252 933 >rum
289 852 491 930 defideriis
527 869 565 927 et
601 850 845 1007 deeeffopun
882 853 1162 930 existimationi

158 988 375 1066 satisfacere
399 982 591 1063 videaris'
654 992 783 1081 Hujus
812 988 1001 1087 equidem
1032 1005 1161 1064 tantae

45 1152 66 1205 ι’
158 1125 442 1225 expectationis
464 1147 649 1221 magnam
667 1136 818 1219 partem
843 1146 864 1193 a
884 1139 1032 1196 memet
1053 1147 1162 1200 amo.

156 1259 243 1349 liri,
279 1260 440 1356 alioque
463 1281 528 1330 mc
552 1254 655 1355 pede
678 1253 929 1328 metiendum
955 1253 1161 1333 ostendere

158 1392 342 1470 conabor.
414 1397 502 1494 Qua
530 1386 780 1463 excusatione
809 1384 868 1462 usr
895 1384 987 1463 lunt
1014 1387 1162 1465 summi

157 1529 250 1614 viri,
282 1525 474 1614 Lucilius,
504 1524 656 1612 Cicero,
684 1524 849 1610 Plinius,
881 1545 1003 1623 neque
1028 1521 1078 1599 ab
1103 1531 1159 1599 in·

157 1647 376 1767 doctiffimis
393 1653 445 1769 se
469 1684 592 1759 neque
616 1654 665 1732 ab
691 1644 910 1763 doctiffimis
937 1659 1020 1764 legi
1044 1660 1158 1751 velle,

157 1794 297 1870 eadem
320 1793 424 1870 mthi
445 1807 576 1894 parata
598 1789 663 1867 est.
717 1792 827 1867 Nam
850 1817 924 1867 nec
948 1797 1023 1893 ego
1044 1800 1160 1883 „Per-

157 1927 286 2020 „srum
312 1954 414 2006 curo
437 1930 604 2028 legere.“
670 1933 780 2032 Quot
800 1928 911 2011 enim
932 1945 971 2002 et
991 1947 1159 2029 quantae

155 2089 230 2154 res,
259 2061 400 2138 sitales
418 2065 552 2139 animo
573 2059 831 2162 concepillem
844 2064 1021 2154 lectores,
1049 2081 1160 2145 erant

75 2242 81 2255 ι
155 2186 365 2301 ponendae
386 2199 431 2271 in
451 2198 707 2273 annotatione
723 2222 823 2286 mea,
852 2221 949 2296 quas
966 2199 1059 2276 dare
1074 2206 1172 2278 non'

74 2381 78 2384 ·
120 2431 123 2434 ,
155 2338 292 2436 potui,
326 2347 427 2431 quot
457 2348 594 2407 contra
622 2333 865 2409 omittendae
896 2357 993 2434 quas
1024 2335 1159 2413 attuli!

155 2472 211 2544 Ut
234 2440 473 2568 copiofiores
493 2463 650 2561 fortalle
677 2483 765 2544 turn
790 2466 886 2543 facti
908 2465 1028 2546 client
1050 2496 1158 2549 conr·

116 2676 120 2683 ,
155 2604 342 2683 mentarii
363 2604 444 2679 mei
469 2604 513 2677 in
533 2628 578 2678 re
594 2603 752 2693 Critica,
782 2604 837 2678 ita
858 2606 903 2680 in
930 2622 1013 2713 toto
1038 2632 1158 2708 opere

134 2764 242 2814 ιιι-οη
267 2737 410 2815 dubito
439 2739 539 2838 quin
567 2738 689 2838 longe
719 2741 1006 2818 contractiores.
1080 2741 1158 2818 Sed
1193 2722 1199 2738 ¹

156 2898 230 2976 ogo
255 2875 404 2949 tirones
424 2874 577 2974 potius,
619 2875 767 2972 quibus
796 2872 1019 2966 scriberem,
1048 2877 1158 2979 apud

155 3011 337 3085 animum
362 3029 500 3084 mcum
530 3005 746 3109 proposui3
786 3011 985 3105 ejusmodi
1015 3028 1159 3101 tamen,

156 3144 228 3244 qui
261 3168 348 3221 non
384 3139 503 3217 ellent
537 3142 798 3221 indoctillmri.
887 3151 998 3248 Opus
1030 3163 1158 3223 tantae

155 3279 450 3379 amplitudinis,
490 3294 659 3379 quantae
682 3277 778 3355 >sunt
807 3280 1004 3358 rhetorica
1030 3285 1160 3390 Quin·

157 3414 305 3505 tiliani,
342 3412 1060 3516 integrum··lcholasticis,lectionibus¹
1083 3433 1158 3491 tra-

44 3570 47 3583 ·
156 3550 253 3653 ctari
274 3546 401 3649 polle,
429 3575 570 3639 nemo,
599 3553 766 3650 opinor,
798 3551 870 3626 fibi
895 3549 1156 3652 persuadebit.

156 3689 408 3787 Quapropter
445 3685 490 3758 in
529 3686 715 3760 conclave
752 3684 915 3762 studiosi
952 3687 1158 3780 cujusdam

155 3819 291 3894 animo
327 3843 391 3892 me
423 3821 598 3908 contuli,
647 3819 712 3895 oui
743 3821 891 3919 legenti
926 3818 1088 3899 astarem
1117 3839 1156 3898 et

97 4030 103 4041 ,
155 3977 221 4041 ea,
261 3976 363 4050 quae
391 3955 436 4029 iu
464 3957 585 4031 variis
616 3955 729 4031 libris
765 3955 815 4030 ad
847 3956 1155 4061 intelligendum
