<?xml version="1.0" encoding="UTF-8"?>
<!DOCTYPE html PUBLIC "-//W3C//DTD XHTML 1.0 Transitional//EN"
    "http://www.w3.org/TR/xhtml1/DTD/xhtml1-transitional.dtd">
<html xmlns="http://www.w3.org/1999/xhtml" xml:lang="en" lang="en">
 <head>
  <title>
</title>
<meta http-equiv="Content-Type" content="text/html;charset=utf-8" />
  <meta name='ocr-system' content='tesseract 3.04.00' />
  <meta name='ocr-capabilities' content='ocr_page ocr_carea ocr_par ocr_line ocrx_word'/>
</head>
<body>
  <div class='ocr_page' id='page_1' title='image "./deinstitutioneo07quingoog_0434.png"; bbox 0 0 2596 4710; ppageno 0'>
   <div class='ocr_carea' id='block_1_1' title="bbox 333 358 1157 475">
    <p class='ocr_par' dir='ltr' id='par_1_1' title="bbox 333 358 1157 475">
     <span class='ocr_line' id='line_1_1' title="bbox 333 358 1157 475; baseline 0.023 -46"><span class='ocrx_word' id='word_1_1' title='bbox 333 358 455 431; x_wconf 85' lang='lat' dir='ltr'>INST.</span> <span class='ocrx_word' id='word_1_2' title='bbox 481 362 691 435; x_wconf 73' lang='lat' dir='ltr'>emron</span> <span class='ocrx_word' id='word_1_3' title='bbox 717 362 808 437; x_wconf 76' lang='grc' dir='ltr'>ΗΒ.</span> <span class='ocrx_word' id='word_1_4' title='bbox 831 365 883 455; x_wconf 89' lang='lat'>11,</span> <span class='ocrx_word' id='word_1_5' title='bbox 910 381 967 459; x_wconf 72' lang='lat' dir='ltr'>ra.</span> <span class='ocrx_word' id='word_1_6' title='bbox 1041 446 1049 475; x_wconf 32' lang='grc' dir='ltr'><strong><em>ι</em></strong></span> <span class='ocrx_word' id='word_1_7' title='bbox 1083 388 1157 467; x_wconf 75' lang='lat'>337</span> 
     </span>
    </p>
   </div>
   <div class='ocr_carea' id='block_1_2' title="bbox 94 545 1223 2846">
    <p class='ocr_par' dir='ltr' id='par_1_2' title="bbox 94 545 1223 2846">
     <span class='ocr_line' id='line_1_2' title="bbox 153 545 1157 655; baseline 0.014 -33"><span class='ocrx_word' id='word_1_8' title='bbox 153 564 195 623; x_wconf 86' lang='lat' dir='ltr'>et</span> <span class='ocrx_word' id='word_1_9' title='bbox 211 545 370 623; x_wconf 83' lang='lat' dir='ltr'>stratum</span> <span class='ocrx_word' id='word_1_10' title='bbox 384 550 547 623; x_wconf 84' lang='lat' dir='ltr'>militari</span> <span class='ocrx_word' id='word_1_11' title='bbox 562 551 698 626; x_wconf 86' lang='lat' dir='ltr'>labore</span> <span class='ocrx_word' id='word_1_12' title='bbox 710 554 786 627; x_wconf 88' lang='lat' dir='ltr'>iter</span> <span class='ocrx_word' id='word_1_13' title='bbox 801 552 914 655; x_wconf 83' lang='lat' dir='ltr'>saepe</span> <span class='ocrx_word' id='word_1_14' title='bbox 928 553 1157 648; x_wconf 64' lang='lat' dir='ltr'>deserimus,</span> 
     </span>
     <span class='ocr_line' id='line_1_3' title="bbox 155 664 1157 773; baseline 0.011 -36"><span class='ocrx_word' id='word_1_15' title='bbox 155 664 394 763; x_wconf 85' lang='lat' dir='ltr'>compendio</span> <span class='ocrx_word' id='word_1_16' title='bbox 413 664 545 739; x_wconf 89' lang='lat' dir='ltr'>ducti:</span> <span class='ocrx_word' id='word_1_17' title='bbox 578 681 634 753; x_wconf 89' lang='lat' dir='ltr'>et,</span> <span class='ocrx_word' id='word_1_18' title='bbox 652 666 679 740; x_wconf 79' lang='lat' dir='ltr'>si</span> <span class='ocrx_word' id='word_1_19' title='bbox 694 685 846 744; x_wconf 89' lang='lat' dir='ltr'>rectum</span> <span class='ocrx_word' id='word_1_20' title='bbox 860 672 1031 746; x_wconf 90' lang='lat' dir='ltr'>limitem</span> <span class='ocrx_word' id='word_1_21' title='bbox 1044 672 1157 773; x_wconf 87' lang='lat' dir='ltr'>rupti</span> 
     </span>
     <span class='ocr_line' id='line_1_4' title="bbox 154 781 1223 887; baseline 0.011 -34"><span class='ocrx_word' id='word_1_22' title='bbox 154 781 398 855; x_wconf 84' lang='lat' dir='ltr'>torrentibus</span> <span class='ocrx_word' id='word_1_23' title='bbox 414 797 553 879; x_wconf 89' lang='lat' dir='ltr'>pontes</span> <span class='ocrx_word' id='word_1_24' title='bbox 569 783 798 874; x_wconf 70' lang='lat' dir='ltr'>inciderint,</span> <span class='ocrx_word' id='word_1_25' title='bbox 815 787 1023 860; x_wconf 88' lang='lat' dir='ltr'>circumire</span> <span class='ocrx_word' id='word_1_26' title='bbox 1041 813 1156 887; x_wconf 84' lang='lat' dir='ltr'>coge·</span> <span class='ocrx_word' id='word_1_27' title='bbox 1220 858 1223 865; x_wconf 93' lang='lat'>.</span> 
     </span>
     <span class='ocr_line' id='line_1_5' title="bbox 152 892 1156 1003; baseline 0.007 -34"><span class='ocrx_word' id='word_1_28' title='bbox 152 894 266 1003; x_wconf 71' lang='lat' dir='ltr'>mur:</span> <span class='ocrx_word' id='word_1_29' title='bbox 309 911 366 984; x_wconf 89' lang='lat' dir='ltr'>et,</span> <span class='ocrx_word' id='word_1_30' title='bbox 404 892 432 969; x_wconf 81' lang='lat' dir='ltr'>st</span> <span class='ocrx_word' id='word_1_31' title='bbox 461 901 578 985; x_wconf 81' lang='lat' dir='ltr'>janua</span> <span class='ocrx_word' id='word_1_32' title='bbox 611 898 811 974; x_wconf 85' lang='lat' dir='ltr'>tenebitur</span> <span class='ocrx_word' id='word_1_33' title='bbox 839 892 1047 989; x_wconf 83' lang='lat' dir='ltr'>incendi0,</span> <span class='ocrx_word' id='word_1_34' title='bbox 1081 926 1156 1002; x_wconf 89' lang='lat' dir='ltr'>per</span> 
     </span>
     <span class='ocr_line' id='line_1_6' title="bbox 153 1010 1198 1114; baseline 0.005 -29"><span class='ocrx_word' id='word_1_35' title='bbox 153 1012 345 1111; x_wconf 84' lang='lat' dir='ltr'>parietem</span> <span class='ocrx_word' id='word_1_36' title='bbox 359 1011 564 1086; x_wconf 84' lang='lat' dir='ltr'>exibimus.</span> <span class='ocrx_word' id='word_1_37' title='bbox 622 1016 716 1087; x_wconf 87' lang='lat' dir='ltr'>Late</span> <span class='ocrx_word' id='word_1_38' title='bbox 737 1010 871 1091; x_wconf 85' lang='lat' dir='ltr'>fusum</span> <span class='ocrx_word' id='word_1_39' title='bbox 890 1042 993 1114; x_wconf 88' lang='lat' dir='ltr'>opus</span> <span class='ocrx_word' id='word_1_40' title='bbox 1008 1014 1083 1104; x_wconf 86' lang='lat' dir='ltr'>est,</span> <span class='ocrx_word' id='word_1_41' title='bbox 1112 1032 1152 1090; x_wconf 89' lang='lat' dir='ltr'>et</span> <span class='ocrx_word' id='word_1_42' title='bbox 1162 1044 1198 1098; x_wconf 81' lang='lat'>²7</span> 
     </span>
     <span class='ocr_line' id='line_1_7' title="bbox 99 1126 1155 1227; baseline 0.005 -26"><span class='ocrx_word' id='word_1_43' title='bbox 99 1220 103 1227; x_wconf 27' lang='grc' dir='ltr'>Ι</span> <span class='ocrx_word' id='word_1_44' title='bbox 153 1126 383 1224; x_wconf 84' lang='lat' dir='ltr'>multiplex,</span> <span class='ocrx_word' id='word_1_45' title='bbox 417 1142 455 1199; x_wconf 89' lang='lat' dir='ltr'>et</span> <span class='ocrx_word' id='word_1_46' title='bbox 483 1150 607 1225; x_wconf 82' lang='lat' dir='ltr'>prope</span> <span class='ocrx_word' id='word_1_47' title='bbox 631 1128 813 1226; x_wconf 87' lang='lat' dir='ltr'>quotidie</span> <span class='ocrx_word' id='word_1_48' title='bbox 833 1142 1008 1220; x_wconf 90' lang='lat' dir='ltr'>no&#39;vum,</span> <span class='ocrx_word' id='word_1_49' title='bbox 1043 1146 1082 1204; x_wconf 89' lang='lat' dir='ltr'>et</span> <span class='ocrx_word' id='word_1_50' title='bbox 1104 1131 1155 1206; x_wconf 87' lang='lat' dir='ltr'>de</span> 
     </span>
     <span class='ocr_line' id='line_1_8' title="bbox 155 1241 1156 1350; baseline 0.007 -36"><span class='ocrx_word' id='word_1_51' title='bbox 155 1266 238 1339; x_wconf 91' lang='lat' dir='ltr'>quo</span> <span class='ocrx_word' id='word_1_52' title='bbox 255 1266 462 1340; x_wconf 90' lang='lat' dir='ltr'>nunquam</span> <span class='ocrx_word' id='word_1_53' title='bbox 476 1241 577 1315; x_wconf 82' lang='lat' dir='ltr'>diota</span> <span class='ocrx_word' id='word_1_54' title='bbox 596 1257 713 1317; x_wconf 86' lang='lat' dir='ltr'>erunt</span> <span class='ocrx_word' id='word_1_55' title='bbox 730 1246 872 1321; x_wconf 83' lang='lat' dir='ltr'>onmia.</span> <span class='ocrx_word' id='word_1_56' title='bbox 896 1310 904 1323; x_wconf 89' lang='lat'>.</span> <span class='ocrx_word' id='word_1_57' title='bbox 933 1251 1043 1350; x_wconf 81' lang='lat' dir='ltr'>Quae</span> <span class='ocrx_word' id='word_1_58' title='bbox 1062 1241 1156 1321; x_wconf 85' lang='lat' dir='ltr'>[unt</span> 
     </span>
     <span class='ocr_line' id='line_1_9' title="bbox 154 1354 1154 1459; baseline 0.007 -31"><span class='ocrx_word' id='word_1_59' title='bbox 154 1371 287 1429; x_wconf 88' lang='lat' dir='ltr'>tamen</span> <span class='ocrx_word' id='word_1_60' title='bbox 312 1354 469 1443; x_wconf 85' lang='lat' dir='ltr'>tradita,</span> <span class='ocrx_word' id='word_1_61' title='bbox 499 1357 600 1453; x_wconf 84' lang='lat' dir='ltr'>quid</span> <span class='ocrx_word' id='word_1_62' title='bbox 625 1382 672 1429; x_wconf 85' lang='lat' dir='ltr'>ex</span> <span class='ocrx_word' id='word_1_63' title='bbox 696 1357 758 1433; x_wconf 90' lang='lat' dir='ltr'>his</span> <span class='ocrx_word' id='word_1_64' title='bbox 787 1362 1005 1459; x_wconf 88' lang='lat' dir='ltr'>optimum,</span> <span class='ocrx_word' id='word_1_65' title='bbox 1038 1377 1095 1450; x_wconf 88' lang='lat' dir='ltr'>et,</span> <span class='ocrx_word' id='word_1_66' title='bbox 1123 1358 1154 1435; x_wconf 83' lang='lat' dir='ltr'><strong>fi</strong></span> 
     </span>
     <span class='ocr_line' id='line_1_10' title="bbox 155 1469 1155 1570; baseline 0.007 -26"><span class='ocrx_word' id='word_1_67' title='bbox 155 1469 257 1570; x_wconf 88' lang='lat' dir='ltr'>quid</span> <span class='ocrx_word' id='word_1_68' title='bbox 280 1474 443 1558; x_wconf 88' lang='lat' dir='ltr'>mutari,</span> <span class='ocrx_word' id='word_1_69' title='bbox 471 1470 606 1565; x_wconf 84' lang='lat' dir='ltr'>adjici,</span> <span class='ocrx_word' id='word_1_70' title='bbox 637 1472 808 1564; x_wconf 81' lang='lat' dir='ltr'>detrahi,</span> <span class='ocrx_word' id='word_1_71' title='bbox 835 1476 979 1551; x_wconf 80' lang='lat' dir='ltr'>melius</span> <span class='ocrx_word' id='word_1_72' title='bbox 997 1472 1155 1551; x_wconf 81' lang='lat' dir='ltr'>videbi·</span> 
     </span>
     <span class='ocr_line' id='line_1_11' title="bbox 154 1585 615 1685; baseline 0.002 -25"><span class='ocrx_word' id='word_1_73' title='bbox 154 1600 240 1677; x_wconf 85' lang='lat' dir='ltr'>tur,</span> <span class='ocrx_word' id='word_1_74' title='bbox 270 1585 402 1660; x_wconf 88' lang='lat' dir='ltr'>dicere</span> <span class='ocrx_word' id='word_1_75' title='bbox 428 1589 615 1685; x_wconf 81' lang='lat' dir='ltr'>experiar.</span> 
     </span>
     <span class='ocr_line' id='line_1_12' title="bbox 375 1716 384 1747; baseline 0 0"><span class='ocrx_word' id='word_1_76' title='bbox 375 1716 384 1747; x_wconf 81' lang='grc' dir='ltr'><em>Ι</em></span> 
     </span>
     <span class='ocr_line' id='line_1_13' title="bbox 235 1813 1156 1923; baseline 0.003 -33"><span class='ocrx_word' id='word_1_77' title='bbox 235 1818 334 1897; x_wconf 82' lang='lat' dir='ltr'>XIV.</span> <span class='ocrx_word' id='word_1_78' title='bbox 380 1816 622 1891; x_wconf 79' lang='lat' dir='ltr'>Prlretoricen</span> <span class='ocrx_word' id='word_1_79' title='bbox 645 1817 689 1891; x_wconf 89' lang='lat' dir='ltr'>in</span> <span class='ocrx_word' id='word_1_80' title='bbox 708 1818 898 1923; x_wconf 74' lang='lat' dir='ltr'>Latinum</span> <span class='ocrx_word' id='word_1_81' title='bbox 919 1813 1156 1911; x_wconf 72' lang='lat' dir='ltr'>transferen-</span> 
     </span>
     <span class='ocr_line' id='line_1_14' title="bbox 154 1933 1157 2021; baseline -0.004 -12"><span class='ocrx_word' id='word_1_82' title='bbox 154 1950 231 2021; x_wconf 84' lang='lat' dir='ltr'>tes,</span> <span class='ocrx_word' id='word_1_83' title='bbox 265 1948 352 2006; x_wconf 88' lang='lat' dir='ltr'>tum</span> <span class='ocrx_word' id='word_1_84' title='bbox 375 1935 605 2018; x_wconf 77' lang='lat' dir='ltr'>oratoriam,</span> <span class='ocrx_word' id='word_1_85' title='bbox 635 1946 722 2005; x_wconf 89' lang='lat' dir='ltr'>tum</span> <span class='ocrx_word' id='word_1_86' title='bbox 746 1936 948 2006; x_wconf 84' lang='lat' dir='ltr'>oratricem</span> <span class='ocrx_word' id='word_1_87' title='bbox 973 1933 1157 2008; x_wconf 85' lang='lat' dir='ltr'>nomina·</span> 
     </span>
     <span class='ocr_line' id='line_1_15' title="bbox 154 2045 1157 2151; baseline -0.005 -27"><span class='ocrx_word' id='word_1_88' title='bbox 154 2063 311 2124; x_wconf 84' lang='lat' dir='ltr'>verunt.</span> <span class='ocrx_word' id='word_1_89' title='bbox 373 2053 483 2151; x_wconf 85' lang='lat' dir='ltr'>Quos</span> <span class='ocrx_word' id='word_1_90' title='bbox 504 2046 691 2144; x_wconf 90' lang='lat' dir='ltr'>equidem</span> <span class='ocrx_word' id='word_1_91' title='bbox 706 2072 790 2120; x_wconf 91' lang='lat' dir='ltr'>non</span> <span class='ocrx_word' id='word_1_92' title='bbox 805 2045 1074 2121; x_wconf 80' lang='lat' dir='ltr'>fraudaverim</span> <span class='ocrx_word' id='word_1_93' title='bbox 1086 2046 1157 2120; x_wconf 86' lang='lat' dir='ltr'>de·</span> 
     </span>
     <span class='ocr_line' id='line_1_16' title="bbox 155 2159 1156 2261; baseline 0.002 -22"><span class='ocrx_word' id='word_1_94' title='bbox 155 2164 238 2239; x_wconf 88' lang='lat' dir='ltr'>bita</span> <span class='ocrx_word' id='word_1_95' title='bbox 268 2162 404 2249; x_wconf 88' lang='lat' dir='ltr'>lande,</span> <span class='ocrx_word' id='word_1_96' title='bbox 440 2160 551 2260; x_wconf 87' lang='lat' dir='ltr'>quod</span> <span class='ocrx_word' id='word_1_97' title='bbox 580 2162 735 2261; x_wconf 84' lang='lat' dir='ltr'>copiam</span> <span class='ocrx_word' id='word_1_98' title='bbox 763 2163 936 2236; x_wconf 84' lang='lat' dir='ltr'>Romani</span> <span class='ocrx_word' id='word_1_99' title='bbox 963 2159 1156 2241; x_wconf 80' lang='lat' dir='ltr'>sermonis</span> 
     </span>
     <span class='ocr_line' id='line_1_17' title="bbox 155 2274 1156 2376; baseline -0.003 -23"><span class='ocrx_word' id='word_1_100' title='bbox 155 2304 299 2376; x_wconf 68' lang='lat' dir='ltr'>augere</span> <span class='ocrx_word' id='word_1_101' title='bbox 321 2279 568 2351; x_wconf 83' lang='lat' dir='ltr'>tentaverint.</span> <span class='ocrx_word' id='word_1_102' title='bbox 627 2274 704 2351; x_wconf 87' lang='lat' dir='ltr'>Sed</span> <span class='ocrx_word' id='word_1_103' title='bbox 723 2300 808 2351; x_wconf 92' lang='lat' dir='ltr'>non</span> <span class='ocrx_word' id='word_1_104' title='bbox 829 2277 963 2351; x_wconf 88' lang='lat' dir='ltr'>omnia</span> <span class='ocrx_word' id='word_1_105' title='bbox 986 2303 1060 2351; x_wconf 92' lang='lat' dir='ltr'>nos</span> <span class='ocrx_word' id='word_1_106' title='bbox 1077 2274 1156 2350; x_wconf 86' lang='lat' dir='ltr'>du·</span> 
     </span>
     <span class='ocr_line' id='line_1_18' title="bbox 155 2388 1156 2489; baseline -0.002 -22"><span class='ocrx_word' id='word_1_107' title='bbox 155 2410 286 2468; x_wconf 86' lang='lat' dir='ltr'>centes</span> <span class='ocrx_word' id='word_1_108' title='bbox 303 2419 349 2465; x_wconf 88' lang='lat' dir='ltr'>ex</span> <span class='ocrx_word' id='word_1_109' title='bbox 364 2396 511 2465; x_wconf 89' lang='lat' dir='ltr'>Graeco</span> <span class='ocrx_word' id='word_1_110' title='bbox 524 2391 764 2489; x_wconf 79' lang='lat' dir='ltr'>sequuntur,</span> <span class='ocrx_word' id='word_1_111' title='bbox 784 2388 880 2466; x_wconf 83' lang='lat' dir='ltr'>licut</span> <span class='ocrx_word' id='word_1_112' title='bbox 893 2417 945 2465; x_wconf 88' lang='lat' dir='ltr'>ne</span> <span class='ocrx_word' id='word_1_113' title='bbox 959 2392 1050 2466; x_wconf 87' lang='lat' dir='ltr'>illos</span> <span class='ocrx_word' id='word_1_114' title='bbox 1063 2392 1156 2489; x_wconf 90' lang='lat' dir='ltr'>qui·</span> 
     </span>
     <span class='ocr_line' id='line_1_19' title="bbox 153 2502 1156 2605; baseline -0.006 -22"><span class='ocrx_word' id='word_1_115' title='bbox 153 2508 268 2596; x_wconf 87' lang='lat' dir='ltr'>dem,</span> <span class='ocrx_word' id='word_1_116' title='bbox 295 2509 450 2605; x_wconf 86' lang='lat' dir='ltr'>quoties</span> <span class='ocrx_word' id='word_1_117' title='bbox 464 2503 542 2580; x_wconf 83' lang='lat' dir='ltr'>suis</span> <span class='ocrx_word' id='word_1_118' title='bbox 562 2508 699 2604; x_wconf 88' lang='lat' dir='ltr'>utique</span> <span class='ocrx_word' id='word_1_119' title='bbox 715 2504 846 2603; x_wconf 84' lang='lat' dir='ltr'>verbis</span> <span class='ocrx_word' id='word_1_120' title='bbox 859 2505 1008 2604; x_wconf 81' lang='lat' dir='ltr'>[ignare</span> <span class='ocrx_word' id='word_1_121' title='bbox 1023 2502 1156 2579; x_wconf 85' lang='lat' dir='ltr'>nostra</span> 
     </span>
     <span class='ocr_line' id='line_1_20' title="bbox 94 2621 1179 2720; baseline -0.003 -25"><span class='ocrx_word' id='word_1_122' title='bbox 94 2626 384 2709; x_wconf 77' lang='lat' dir='ltr'>.7cv01ueru11t.</span> <span class='ocrx_word' id='word_1_123' title='bbox 444 2626 493 2694; x_wconf 86' lang='lat' dir='ltr'>Et</span> <span class='ocrx_word' id='word_1_124' title='bbox 516 2622 610 2694; x_wconf 88' lang='lat' dir='ltr'>haec</span> <span class='ocrx_word' id='word_1_125' title='bbox 630 2621 900 2720; x_wconf 83' lang='lat' dir='ltr'>interpretatio</span> <span class='ocrx_word' id='word_1_126' title='bbox 916 2646 1000 2695; x_wconf 92' lang='lat' dir='ltr'>non</span> <span class='ocrx_word' id='word_1_127' title='bbox 1016 2621 1179 2695; x_wconf 71' lang='lat' dir='ltr'>minusa</span> 
     </span>
     <span class='ocr_line' id='line_1_21' title="bbox 155 2724 1154 2846; baseline -0.004 -33"><span class='ocrx_word' id='word_1_128' title='bbox 155 2738 254 2815; x_wconf 82' lang='lat' dir='ltr'>dura</span> <span class='ocrx_word' id='word_1_129' title='bbox 289 2736 362 2826; x_wconf 88' lang='lat' dir='ltr'>est,</span> <span class='ocrx_word' id='word_1_130' title='bbox 410 2762 529 2835; x_wconf 82' lang='lat' dir='ltr'>quam</span> <span class='ocrx_word' id='word_1_131' title='bbox 565 2736 634 2810; x_wconf 87' lang='lat' dir='ltr'>illa</span> <span class='ocrx_word' id='word_1_132' title='bbox 669 2736 797 2811; x_wconf 81' lang='lat' dir='ltr'>Flavii</span> <span class='ocrx_word' id='word_1_133' title='bbox 836 2724 995 2846; x_wconf 65' lang='lat' dir='ltr'>effetatio</span> <span class='ocrx_word' id='word_1_134' title='bbox 1036 2750 1154 2834; x_wconf 84' lang='lat' dir='ltr'>atque</span> 
     </span>
    </p>
   </div>
   <div class='ocr_carea' id='block_1_3' title="bbox 150 2946 1157 3711">
    <p class='ocr_par' dir='ltr' id='par_1_3' title="bbox 151 2946 1157 3197">
     <span class='ocr_line' id='line_1_22' title="bbox 221 2946 1157 3035; baseline -0.006 -26"><span class='ocrx_word' id='word_1_135' title='bbox 221 2955 298 3035; x_wconf 72' lang='lat' dir='ltr'>Quae</span> <span class='ocrx_word' id='word_1_136' title='bbox 314 2951 389 3027; x_wconf 79' lang='lat' dir='ltr'>sunt.</span> <span class='ocrx_word' id='word_1_137' title='bbox 433 2949 527 3006; x_wconf 78' lang='lat' dir='ltr'>Turio.</span> <span class='ocrx_word' id='word_1_138' title='bbox 547 2948 582 3028; x_wconf 75' lang='lat' dir='ltr'>Q.</span> <span class='ocrx_word' id='word_1_139' title='bbox 590 2946 648 3025; x_wconf 87' lang='lat' dir='ltr'>fint</span> <span class='ocrx_word' id='word_1_140' title='bbox 669 2967 733 3001; x_wconf 85' lang='lat' dir='ltr'>eum</span> <span class='ocrx_word' id='word_1_141' title='bbox 751 2948 813 3001; x_wconf 86' lang='lat' dir='ltr'>edd.</span> <span class='ocrx_word' id='word_1_142' title='bbox 830 2964 893 3002; x_wconf 86' lang='lat' dir='ltr'>ante</span> <span class='ocrx_word' id='word_1_143' title='bbox 909 2951 966 3004; x_wconf 71' lang='lat' dir='ltr'>nat.</span> <span class='ocrx_word' id='word_1_144' title='bbox 983 2948 1113 3002; x_wconf 80' lang='lat' dir='ltr'>omnibns</span> <span class='ocrx_word' id='word_1_145' title='bbox 1129 2963 1157 3003; x_wconf 84' lang='lat' dir='ltr'>et</span> 
     </span>
     <span class='ocr_line' id='line_1_23' title="bbox 151 3030 1154 3111; baseline -0.011 -14"><span class='ocrx_word' id='word_1_146' title='bbox 151 3039 299 3097; x_wconf 69' lang='lat' dir='ltr'>revomuit</span> <span class='ocrx_word' id='word_1_147' title='bbox 315 3037 385 3093; x_wconf 89' lang='lat' dir='ltr'>Obr.</span> <span class='ocrx_word' id='word_1_148' title='bbox 506 3030 613 3111; x_wconf 79' lang='lat' dir='ltr'>fiqrn&#39;d</span> <span class='ocrx_word' id='word_1_149' title='bbox 627 3048 692 3086; x_wconf 80' lang='lat' dir='ltr'>mut.</span> <span class='ocrx_word' id='word_1_150' title='bbox 713 3033 808 3087; x_wconf 81' lang='lat' dir='ltr'>Turio.</span> <span class='ocrx_word' id='word_1_151' title='bbox 826 3033 918 3087; x_wconf 83' lang='lat' dir='ltr'>Gnels.</span> <span class='ocrx_word' id='word_1_152' title='bbox 936 3049 963 3085; x_wconf 86' lang='lat' dir='ltr'>ct</span> <span class='ocrx_word' id='word_1_153' title='bbox 978 3033 1063 3085; x_wconf 86' lang='lat' dir='ltr'>Goth.</span> <span class='ocrx_word' id='word_1_154' title='bbox 1083 3037 1096 3098; x_wconf 88' lang='lat'>(</span> <span class='ocrx_word' id='word_1_155' title='bbox 1104 3047 1154 3086; x_wconf 84' lang='lat' dir='ltr'>tac.</span> 
     </span>
     <span class='ocr_line' id='line_1_24' title="bbox 152 3115 1153 3197; baseline -0.013 -15"><span class='ocrx_word' id='word_1_156' title='bbox 152 3124 292 3197; x_wconf 52' lang='grc' dir='ltr'>(ἐρωῇ</span> <span class='ocrx_word' id='word_1_157' title='bbox 308 3144 359 3195; x_wconf 77' lang='lat' dir='ltr'>qua</span> <span class='ocrx_word' id='word_1_158' title='bbox 372 3134 435 3174; x_wconf 76' lang='lat' dir='ltr'>mar.</span> <span class='ocrx_word' id='word_1_159' title='bbox 453 3137 515 3172; x_wconf 85' lang='lat' dir='ltr'>cum</span> <span class='ocrx_word' id='word_1_160' title='bbox 529 3115 588 3173; x_wconf 83' lang='lat' dir='ltr'>Bal.</span> <span class='ocrx_word' id='word_1_161' title='bbox 606 3132 633 3169; x_wconf 85' lang='lat' dir='ltr'>et</span> <span class='ocrx_word' id='word_1_162' title='bbox 652 3116 713 3169; x_wconf 88' lang='lat' dir='ltr'>edd.</span> <span class='ocrx_word' id='word_1_163' title='bbox 732 3132 794 3169; x_wconf 86' lang='lat' dir='ltr'>ante</span> <span class='ocrx_word' id='word_1_164' title='bbox 810 3116 1060 3189; x_wconf 60' lang='lat' dir='ltr'>Grypbmmnibns</span> <span class='ocrx_word' id='word_1_165' title='bbox 1075 3117 1153 3169; x_wconf 74' lang='lat' dir='ltr'>ineis.</span> 
     </span>
    </p>

    <p class='ocr_par' dir='ltr' id='par_1_4' title="bbox 150 3198 1155 3711">
     <span class='ocr_line' id='line_1_25' title="bbox 218 3198 1154 3275; baseline -0.014 -12"><span class='ocrx_word' id='word_1_166' title='bbox 218 3212 341 3263; x_wconf 72' lang='lat' dir='ltr'>timentes</span> <span class='ocrx_word' id='word_1_167' title='bbox 362 3226 397 3257; x_wconf 75' lang='lat' dir='ltr'>ex</span> <span class='ocrx_word' id='word_1_168' title='bbox 422 3204 536 3257; x_wconf 76' lang='lat' dir='ltr'>Graeco.</span> <span class='ocrx_word' id='word_1_169' title='bbox 580 3198 672 3255; x_wconf 79' lang='lat' dir='ltr'>Gnels.</span> <span class='ocrx_word' id='word_1_170' title='bbox 696 3201 810 3253; x_wconf 71' lang='lat' dir='ltr'>direntes</span> <span class='ocrx_word' id='word_1_171' title='bbox 833 3202 956 3260; x_wconf 75' lang='lat' dir='ltr'>Graeca,</span> <span class='ocrx_word' id='word_1_172' title='bbox 978 3200 1057 3275; x_wconf 79' lang='lat' dir='ltr'>prius</span> <span class='ocrx_word' id='word_1_173' title='bbox 1073 3198 1154 3252; x_wconf 82' lang='lat' dir='ltr'>solito</span> 
     </span>
     <span class='ocr_line' id='line_1_26' title="bbox 153 3284 1155 3363; baseline -0.02 -14"><span class='ocrx_word' id='word_1_174' title='bbox 153 3313 263 3353; x_wconf 80' lang='lat' dir='ltr'>errore,</span> <span class='ocrx_word' id='word_1_175' title='bbox 285 3291 327 3345; x_wconf 77' lang='lat' dir='ltr'>[ed</span> <span class='ocrx_word' id='word_1_176' title='bbox 344 3288 476 3361; x_wconf 81' lang='lat' dir='ltr'>polierins</span> <span class='ocrx_word' id='word_1_177' title='bbox 493 3284 640 3363; x_wconf 77' lang='lat' dir='ltr'>eleganter.</span> <span class='ocrx_word' id='word_1_178' title='bbox 1065 3284 1155 3339; x_wconf 68' lang='lat' dir='ltr'>Flavii</span> 
     </span>
     <span class='ocr_line' id='line_1_27' title="bbox 152 3364 1154 3457; baseline -0.011 -26"><span class='ocrx_word' id='word_1_179' title='bbox 152 3378 273 3457; x_wconf 76' lang='lat' dir='ltr'>effetatio.</span> <span class='ocrx_word' id='word_1_180' title='bbox 318 3374 412 3427; x_wconf 84' lang='lat' dir='ltr'>Turio.</span> <span class='ocrx_word' id='word_1_181' title='bbox 436 3372 528 3425; x_wconf 74' lang='lat' dir='ltr'>Plauti</span> <span class='ocrx_word' id='word_1_182' title='bbox 543 3392 565 3421; x_wconf 81' lang='lat' dir='ltr'>e.</span> <span class='ocrx_word' id='word_1_183' title='bbox 585 3366 679 3421; x_wconf 77' lang='lat' dir='ltr'>Gnelf.</span> <span class='ocrx_word' id='word_1_184' title='bbox 702 3369 793 3422; x_wconf 71' lang='lat' dir='ltr'>Plauti</span> <span class='ocrx_word' id='word_1_185' title='bbox 815 3364 853 3442; x_wconf 81' lang='lat' dir='ltr'>est</span> <span class='ocrx_word' id='word_1_186' title='bbox 870 3364 1019 3441; x_wconf 78' lang='lat' dir='ltr'>sententia,</span> <span class='ocrx_word' id='word_1_187' title='bbox 1043 3367 1154 3440; x_wconf 83' lang='lat' dir='ltr'>imposi-</span> 
     </span>
     <span class='ocr_line' id='line_1_28' title="bbox 153 3451 1154 3522; baseline -0.014 -5"><span class='ocrx_word' id='word_1_188' title='bbox 153 3478 215 3517; x_wconf 91' lang='lat' dir='ltr'>tnm</span> <span class='ocrx_word' id='word_1_189' title='bbox 233 3475 324 3514; x_wconf 83' lang='lat' dir='ltr'>antem</span> <span class='ocrx_word' id='word_1_190' title='bbox 350 3457 421 3511; x_wconf 86' lang='lat' dir='ltr'>bisce</span> <span class='ocrx_word' id='word_1_191' title='bbox 444 3456 473 3506; x_wconf 94' lang='lat' dir='ltr'>in</span> <span class='ocrx_word' id='word_1_192' title='bbox 493 3456 624 3507; x_wconf 76' lang='lat' dir='ltr'>rerbnnn</span> <span class='ocrx_word' id='word_1_193' title='bbox 647 3451 812 3506; x_wconf 83' lang='lat' dir='ltr'>intervallo:</span> <span class='ocrx_word' id='word_1_194' title='bbox 836 3466 865 3505; x_wconf 82' lang='lat' dir='ltr'>at</span> <span class='ocrx_word' id='word_1_195' title='bbox 880 3452 1013 3522; x_wconf 73' lang='lat' dir='ltr'>planities.</span> <span class='ocrx_word' id='word_1_196' title='bbox 1057 3455 1154 3512; x_wconf 79' lang='lat' dir='ltr'>Error,</span> 
     </span>
     <span class='ocr_line' id='line_1_29' title="bbox 151 3532 1153 3623; baseline -0.009 -25"><span class='ocrx_word' id='word_1_197' title='bbox 151 3546 204 3623; x_wconf 80' lang='lat' dir='ltr'>qui</span> <span class='ocrx_word' id='word_1_198' title='bbox 223 3544 260 3597; x_wconf 81' lang='lat' dir='ltr'>est</span> <span class='ocrx_word' id='word_1_199' title='bbox 279 3545 309 3597; x_wconf 92' lang='lat' dir='ltr'>in</span> <span class='ocrx_word' id='word_1_200' title='bbox 327 3541 477 3617; x_wconf 75' lang='lat' dir='ltr'>sententia.</span> <span class='ocrx_word' id='word_1_201' title='bbox 499 3536 593 3592; x_wconf 77' lang='lat' dir='ltr'>tirniiis</span> <span class='ocrx_word' id='word_1_202' title='bbox 609 3536 646 3591; x_wconf 75' lang='lat' dir='ltr'>ed</span> <span class='ocrx_word' id='word_1_203' title='bbox 662 3539 736 3607; x_wconf 75' lang='lat' dir='ltr'>ejas.</span> <span class='ocrx_word' id='word_1_204' title='bbox 757 3553 840 3609; x_wconf 85' lang='lat' dir='ltr'>quem</span> <span class='ocrx_word' id='word_1_205' title='bbox 857 3535 886 3587; x_wconf 87' lang='lat' dir='ltr'>in</span> <span class='ocrx_word' id='word_1_206' title='bbox 901 3533 997 3587; x_wconf 85' lang='lat' dir='ltr'>eodem</span> <span class='ocrx_word' id='word_1_207' title='bbox 1014 3532 1153 3589; x_wconf 82' lang='lat' dir='ltr'>vocabulo</span> 
     </span>
     <span class='ocr_line' id='line_1_30' title="bbox 150 3620 1154 3711; baseline -0.014 -25"><span class='ocrx_word' id='word_1_208' title='bbox 150 3630 227 3711; x_wconf 83' lang='lat' dir='ltr'>apud</span> <span class='ocrx_word' id='word_1_209' title='bbox 244 3633 371 3682; x_wconf 84' lang='lat' dir='ltr'>Senecam</span> <span class='ocrx_word' id='word_1_210' title='bbox 389 3623 510 3679; x_wconf 79' lang='lat' dir='ltr'>conexit</span> <span class='ocrx_word' id='word_1_211' title='bbox 533 3624 662 3677; x_wconf 79' lang='lat' dir='ltr'>Muretus</span> <span class='ocrx_word' id='word_1_212' title='bbox 677 3620 750 3689; x_wconf 85' lang='lat' dir='ltr'>(vid.</span> <span class='ocrx_word' id='word_1_213' title='bbox 762 3637 821 3674; x_wconf 88' lang='lat' dir='ltr'>not.</span> <span class='ocrx_word' id='word_1_214' title='bbox 837 3622 947 3697; x_wconf 60' lang='lat' dir='ltr'>exeg).</span> <span class='ocrx_word' id='word_1_215' title='bbox 969 3636 1025 3691; x_wconf 84' lang='lat' dir='ltr'>quo</span> <span class='ocrx_word' id='word_1_216' title='bbox 1041 3635 1154 3695; x_wconf 74' lang='lat' dir='ltr'>apparet</span> 
     </span>
    </p>
   </div>
   <div class='ocr_carea' id='block_1_4' title="bbox 148 3770 1154 4266">
    <p class='ocr_par' dir='ltr' id='par_1_5' title="bbox 148 3770 1154 4266">
     <span class='ocr_line' id='line_1_31' title="bbox 194 3770 1152 3849; baseline -0.038 -11"><span class='ocrx_word' id='word_1_217' title='bbox 194 3782 365 3839; x_wconf 76' lang='lat' dir='ltr'>tentaverint.</span> <span class='ocrx_word' id='word_1_218' title='bbox 402 3777 466 3832; x_wconf 81' lang='lat' dir='ltr'>Sine</span> <span class='ocrx_word' id='word_1_219' title='bbox 481 3772 569 3832; x_wconf 86' lang='lat' dir='ltr'>Codd.</span> <span class='ocrx_word' id='word_1_220' title='bbox 583 3790 634 3827; x_wconf 85' lang='lat' dir='ltr'>no-</span> <span class='ocrx_word' id='word_1_221' title='bbox 716 3774 805 3827; x_wconf 72' lang='lat' dir='ltr'>Fiavii</span> <span class='ocrx_word' id='word_1_222' title='bbox 821 3770 931 3849; x_wconf 61' lang='lat' dir='ltr'>effemfa</span> <span class='ocrx_word' id='word_1_223' title='bbox 948 3802 987 3814; x_wconf 88' lang='lat'>..</span> <span class='ocrx_word' id='word_1_224' title='bbox 1003 3776 1085 3829; x_wconf 46' lang='lat' dir='ltr'>msa·</span> <span class='ocrx_word' id='word_1_225' title='bbox 1106 3774 1152 3827; x_wconf 55' lang='lat' dir='ltr'>D,</span> 
     </span>
     <span class='ocr_line' id='line_1_32' title="bbox 150 3855 1151 3939; baseline -0.019 -15"><span class='ocrx_word' id='word_1_226' title='bbox 150 3860 554 3939; x_wconf 76' lang='lat' dir='ltr'>vareqnidqnamnolni3sed,</span> <span class='ocrx_word' id='word_1_227' title='bbox 570 3876 631 3911; x_wconf 84' lang='lat' dir='ltr'>meo</span> <span class='ocrx_word' id='word_1_228' title='bbox 673 3856 732 3909; x_wconf 84' lang='lat' dir='ltr'>viri</span> <span class='ocrx_word' id='word_1_229' title='bbox 759 3858 872 3911; x_wconf 87' lang='lat' dir='ltr'>nomine</span> <span class='ocrx_word' id='word_1_230' title='bbox 901 3855 960 3909; x_wconf 84' lang='lat' dir='ltr'>vid.</span> <span class='ocrx_word' id='word_1_231' title='bbox 990 3872 1049 3910; x_wconf 87' lang='lat' dir='ltr'>not.</span> <span class='ocrx_word' id='word_1_232' title='bbox 1080 3858 1151 3915; x_wconf 76' lang='lat' dir='ltr'>erit.</span> 
     </span>
     <span class='ocr_line' id='line_1_33' title="bbox 149 3939 1153 4027; baseline -0.019 -21"><span class='ocrx_word' id='word_1_233' title='bbox 149 3952 265 4027; x_wconf 81' lang='lat' dir='ltr'>quidem</span> <span class='ocrx_word' id='word_1_234' title='bbox 301 3950 391 4007; x_wconf 75' lang='lat' dir='ltr'>sensu,</span> <span class='ocrx_word' id='word_1_235' title='bbox 435 3944 631 4015; x_wconf 78' lang='lat' dir='ltr'>conjunctivnt</span> <span class='ocrx_word' id='word_1_236' title='bbox 673 3939 914 3996; x_wconf 73' lang='lat' dir='ltr'>verisimillimum</span> <span class='ocrx_word' id='word_1_237' title='bbox 935 3940 1064 4013; x_wconf 86' lang='lat' dir='ltr'>quidem,</span> <span class='ocrx_word' id='word_1_238' title='bbox 1100 3942 1153 3995; x_wconf 67' lang='lat' dir='ltr'>eff·</span> 
     </span>
     <span class='ocr_line' id='line_1_34' title="bbox 148 4024 1152 4105; baseline -0.022 -12"><span class='ocrx_word' id='word_1_239' title='bbox 148 4035 359 4094; x_wconf 80' lang='lat' dir='ltr'>liicrectenon</span> <span class='ocrx_word' id='word_1_240' title='bbox 377 4030 520 4105; x_wconf 81' lang='lat' dir='ltr'>procedit,</span> <span class='ocrx_word' id='word_1_241' title='bbox 541 4042 632 4081; x_wconf 78' lang='lat' dir='ltr'>etve·</span> <span class='ocrx_word' id='word_1_242' title='bbox 674 4024 748 4080; x_wconf 85' lang='lat' dir='ltr'>bnnc</span> <span class='ocrx_word' id='word_1_243' title='bbox 775 4024 909 4085; x_wconf 84' lang='lat' dir='ltr'>eundem,</span> <span class='ocrx_word' id='word_1_244' title='bbox 946 4043 1028 4097; x_wconf 84' lang='lat' dir='ltr'>quem</span> <span class='ocrx_word' id='word_1_245' title='bbox 1057 4024 1152 4098; x_wconf 76' lang='lat' dir='ltr'>panim</span> 
     </span>
     <span class='ocr_line' id='line_1_35' title="bbox 149 4106 1154 4183; baseline -0.023 -6"><span class='ocrx_word' id='word_1_246' title='bbox 149 4134 224 4177; x_wconf 71' lang='lat' dir='ltr'>terea</span> <span class='ocrx_word' id='word_1_247' title='bbox 253 4118 311 4171; x_wconf 80' lang='lat' dir='ltr'>fere</span> <span class='ocrx_word' id='word_1_248' title='bbox 339 4115 401 4170; x_wconf 84' lang='lat' dir='ltr'>edd.</span> <span class='ocrx_word' id='word_1_249' title='bbox 431 4130 528 4168; x_wconf 71' lang='lat' dir='ltr'>omnen</span> <span class='ocrx_word' id='word_1_250' title='bbox 565 4112 632 4165; x_wconf 74' lang='lat' dir='ltr'>dant</span> <span class='ocrx_word' id='word_1_251' title='bbox 672 4109 817 4183; x_wconf 71' lang='lat' dir='ltr'>scriptores</span> <span class='ocrx_word' id='word_1_252' title='bbox 832 4123 932 4161; x_wconf 81' lang='lat' dir='ltr'>vocant</span> <span class='ocrx_word' id='word_1_253' title='bbox 950 4106 1089 4182; x_wconf 66' lang='lat' dir='ltr'>Papirium</span> <span class='ocrx_word' id='word_1_254' title='bbox 1106 4112 1154 4161; x_wconf 56' lang='grc' dir='ltr'>Γπ.</span> 
     </span>
     <span class='ocr_line' id='line_1_36' title="bbox 149 4190 1152 4266; baseline -0.033 7"><span class='ocrx_word' id='word_1_255' title='bbox 149 4200 333 4261; x_wconf 49' lang='lat' dir='ltr'>ammuh</span> <span class='ocrx_word' id='word_1_256' title='bbox 672 4190 787 4249; x_wconf 80' lang='lat' dir='ltr'>bimum</span> <span class='ocrx_word' id='word_1_257' title='bbox 801 4192 940 4266; x_wconf 69' lang='lat' dir='ltr'>aequalem</span> <span class='ocrx_word' id='word_1_258' title='bbox 955 4196 1078 4252; x_wconf 79' lang='lat' dir='ltr'>Senecae,</span> <span class='ocrx_word' id='word_1_259' title='bbox 1091 4192 1152 4265; x_wconf 80' lang='lat' dir='ltr'>plri-</span> 
     </span>
    </p>
   </div>
   <div class='ocr_carea' id='block_1_5' title="bbox 197 4278 785 4347">
    <p class='ocr_par' dir='ltr' id='par_1_6' title="bbox 197 4278 785 4347">
     <span class='ocr_line' id='line_1_37' title="bbox 197 4278 785 4347; baseline -0.02 -2"><span class='ocrx_word' id='word_1_260' title='bbox 197 4292 277 4347; x_wconf 82' lang='lat' dir='ltr'>Tom.</span> <span class='ocrx_word' id='word_1_261' title='bbox 293 4286 315 4341; x_wconf 82' lang='lat' dir='ltr'>I.</span> <span class='ocrx_word' id='word_1_262' title='bbox 759 4278 785 4333; x_wconf 83' lang='lat' dir='ltr'>Y</span> 
     </span>
    </p>
   </div>
   <div class='ocr_carea' id='block_1_6' title="bbox 0 0 1305 4710">
    <p class='ocr_par' dir='ltr' id='par_1_7' title="bbox 0 0 1305 4710">
     <span class='ocr_line' id='line_1_38' title="bbox 0 0 1305 4710; baseline 0 0"><span class='ocrx_word' id='word_1_263' title='bbox 0 0 1305 4710; x_wconf 95' lang='lat' dir='ltr'> </span> 
     </span>
    </p>
   </div>
  </div>
 </body>
</html>
