2596 4710
460 305 797 384 PRAEFATIO.
1063 346 1135 398 nx
1182 349 1190 371 ⁸

127 490 227 568 lbid.
244 490 355 592 apud
368 491 594 569 Robertum
608 500 778 590 winter,
806 503 851 576 A.
865 504 926 588 Μ.
936 508 987 585 D.
997 511 1131 588 XLHI.

180 624 319 703 mense
342 631 503 705 Martio.
533 640 572 726 4.
631 634 729 709 Non
750 632 804 708 est
829 636 982 715 diversa
998 669 1020 716 a
1037 670 1132 745 pro·

182 765 306 852 xima,
328 762 403 839 nist
425 762 536 866 quod
557 765 750 845 accedunt
769 773 1038 855 novendecim
1049 782 1134 856 De·
1157 840 1160 845 ,

178 898 446 978 clamationes.

131 1097 320 1198 Lugduni
333 1097 443 1202 apud
457 1097 727 1179 Sebastianum
738 1104 978 1227 (iryphium.
1011 1118 1130 1207 1544.
1275 1074 1278 1079 ¹

170 1251 215 1320 3·

133 1416 319 1492 Genevae.
371 1415 601 1494 Excudebat
628 1398 796 1504 Jacobne
829 1424 953 1505 stoer.
985 1429 1045 1503 Μ.
1075 1426 1126 1503 D.

176 1552 274 1629 XCI.
309 1571 346 1641 8.

132 1730 285 1809 mrem.
347 1735 580 1837 sumptibus
605 1739 713 1812 aem
744 1738 915 1819 mouet.
960 1743 1020 1817 M.
1041 1744 1128 1823 nc.
1166 1850 1174 1863 Ι

179 1872 276 1945 m
308 1888 347 1955 a.

132 2055 316 2159 Lugduni
332 2060 464 2136 Batav.
483 2084 531 2135 ex
548 2054 702 2136 officina
715 2058 925 2139 Hackiana.
952 2070 1071 2152 1665.
1089 2082 1127 2152 8.

135 2257 321 2346 Oxoniae,
360 2284 384 2331 e
410 2257 585 2334 Theatro
607 2255 889 2337 Sheldoniano.
932 2266 1051 2353 1695.
1089 2269 1129 2360 4.

181 2391 421 2467 Edmundus
455 2389 624 2480 Gibion,
674 2393 746 2490 qui
777 2392 880 2469 hanc
910 2392 1131 2474 editionem

183 2528 358 2615 curavit,
402 2552 494 2602 cum
526 2524 711 2600 redderet
741 2526 1009 2604 racenfionam
1038 2533 1131 2603 Lei-

179 2658 360 2750 densem,
389 2687 483 2737 cum
500 2661 644 2737 eadem
667 2661 840 2736 contulit
863 2677 940 2738 tres
960 2662 1130 2754 Codices

178 2800 288 2874 MSS.
329 2798 375 2870 in
407 2799 531 2873 trium
563 2797 840 2897 collegiorum
874 2798 1130 2876 bibliothecis

182 2930 390 3033 repositos,
417 2934 596 3029 itemque
623 2948 775 3010 veteres
797 2933 993 3010 editiones
1024 2953 1127 3013 octo.

179 3073 361 3174 Quarum
381 3083 459 3142 tres
481 3091 575 3142 cum
590 3080 631 3140 et
648 3063 730 3166 ipse
747 3082 964 3160 tractarem,
1000 3074 1128 3147 anim·

179 3202 346 3290 adverti,
371 3228 458 3277 non
478 3202 633 3300 ubique
648 3226 734 3277 eam
752 3200 868 3278 fuiffe
889 3207 934 3279 'm
960 3204 1128 3279 homine

179 3336 447 3435 diligentiam,
476 3342 589 3430 cuius
612 3335 721 3439 spem
740 3330 884 3409 fecerat
907 3340 1129 3413 Burmanni

177 3471 230 3549 de
252 3468 489 3546 Gibioniana
509 3470 685 3547 editione
705 3467 914 3565 judicium.
970 3470 1036 3548 Est
1052 3473 1130 3573 igi·

179 3622 248 3683 tur
268 3607 454 3707 optabile,
483 3623 529 3684 ut
550 3608 685 3683 denuo
711 3602 785 3680 fibi
808 3603 937 3683 sumat
954 3608 1033 3684 hoc
1057 3635 1128 3684 ne·

179 3743 282 3844 gotii
305 3743 450 3843 aliquia
473 3766 495 3817 e
517 3742 642 3820 doctis
664 3741 1009 3820 celeberrimarum
1034 3745 1128 3820 uni-

180 3874 425 3954 versitatum·
448 3877 665 3978 (quoniam
692 3874 917 3955 loannensn
948 3875 1004 3951 est
1033 3878 1129 3954 Col-

182 4013 281 4115 legii
312 4010 669 4117 Cantabrigienfis)
695 4013 814 4103 viris,
855 4012 930 4112 qui
959 4010 1129 4109 diligen·
