2596 4710
469 293 811 370 PRAEFATIO.
845 395 848 404 Ι
1024 324 1148 379 mu·

121 498 285 563 'uorum
320 482 399 557 alia
427 478 483 557 est
513 476 705 559 conditio.
770 484 899 561 Haec
932 486 1142 583 'hactenuu

127 642 265 719 neque
292 614 441 695 excuso
471 614 722 717 diligentiam
751 619 798 694 in
828 617 1030 723 scriptoris
1057 630 1141 703 mei

130 755 297 829 nomine
333 750 617 829 constituendo
650 747 806 828 sortasse
842 781 928 831 non
961 760 1139 839 nimiam.

135 887 307 993 Quando
330 903 470 965 autem
492 883 620 962 sermo
641 886 787 968 incidit
809 888 859 965 de
884 917 1025 970 nonna
1047 894 1142 972 scri·

139 1020 284 1112 bandi,
318 1048 441 1123 quam
471 1022 709 1128 ὀρθογραφίαν
736 1020 929 1115 dicirnns,
976 1027 1141 1107 videtur

148 1158 274 1255 paucis
303 1155 547 1235 ostendenda
573 1173 614 1235 et
643 1154 886 1257 vindicanda
910 1184 974 1250 ea,
1017 1187 1141 1260 quam

153 1288 224 1389 ipse
237 1291 372 1370 inhoc
385 1318 507 1394 opere
522 1291 691 1395 expreffi.
749 1286 968 1395 Apparebit
980 1298 1141 1373 unicui·

155 1446 222 1521 ¹que
239 1424 486 1529 inspicienti,
512 1452 580 1505 me
596 1429 944 1530 pronunciationis
963 1446 1005 1505 et
1023 1457 1143 1507 voca·

157 1556 257 1637 litatis
272 1567 466 1657 majorem
491 1586 629 1673 curam
647 1558 825 1639 habuisse
846 1588 969 1665 quam
986 1580 1143 1667 etymo·

162 1716 244 1771 tum.
315 1702 414 1793 Ejus
451 1695 624 1773 instituti
657 1694 947 1789 defensionem,
986 1718 1142 1800 praeter

167 1834 411 1909 auctoritatem
428 1830 629 1909 Codicum
647 1833 937 1935 plerorumque
963 1835 1035 1931 (in
1051 1837 1144 1935 qui·

168 1958 226 2041 bu
242 1990 326 2045 raro
346 1965 572 2067 quidquam
587 1965 712 2043 snnila
727 1967 910 2046 invenias
923 1967 1145 2049 hodiernae

170 2094 325 2177 virorum
340 2100 557 2183 doctomm
576 2100 805 2203 diligentiae
824 2095 1001 2212 adscribo
1026 2106 1144 2180 adcu-

176 2247 254 2325 rate,
283 2236 422 2315 idcirco
447 2234 756 2337 usurpantium)
791 2236 1001 2336 multaque.
1028 2263 1173 2340 argu·>

175 2385 275 2444 nanta
293 2396 394 2470 quae
411 2369 598 2473 persequi
620 2371 744 2465 hujus
766 2369 927 2445 nonest
948 2373 1051 2463 loci,
1076 2400 1145 2474 pa·

175 2515 268 2579 raum
288 2506 393 2581 mihi
421 2502 604 2582 existimo
632 2506 679 2579 in
708 2502 853 2603 ipfius‚
905 2509 1145 2605 quemodo,

173 2628 341 2737 [captoria
362 2639 553 2718 doctrina.
612 2645 706 2745 Quo
729 2640 776 2713 in
795 2663 939 2738 genere
956 2640 1007 2715 ad
1023 2643 1145 2742 primi

173 2765 246 2847 libri
270 2791 386 2877 caput
409 2773 627 2877 septimum
651 2774 843 2861 lectorem
863 2775 1011 2853 iterum
1039 2777 1146 2855 able·

173 2927 231 3001 go;
257 2935 335 3007 quo
358 2908 451 2987 sunt
473 2906 713 2989 conferenda
737 2911 856 2986 etiam
876 2936 1041 3011 eaquae
1067 2912 1147 2993 dis·

172 3054 391 3137 putantum,
420 3052 461 3138 4,
488 3050 545 3134 ³6
562 3040 668 3143 seqq·
697 3044 795 3117 item
816 3071 880 3135 11,
909 3068 947 3137 a,
979 3058 1046 3148 54·
1078 3069 1145 3139 aa.

90 3154 93 3249 ᾖ
174 3198 373 3279 quanquam
394 3178 477 3256 istis
501 3179 600 3257 locis
620 3179 998 3279 pronunciationem
1023 3186 1148 3282 magis

176 3322 302 3404 tacut,
346 3339 519 3413 quacum
547 3330 680 3390 tamen
707 3313 1057 3407 coniunctissimam
1079 3315 1147 3393 de·

180 3446 338 3525 monstrat
354 3444 589 3551 scripturam
610 3474 646 3540 1,
676 3469 724 3541 7,
754 3467 819 3533 30.
860 3445 910 3522 cf.
934 3473 1009 3527 nos
1035 3450 1086 3526 ad
1108 3470 1148 3542 3,

188 3592 285 3665 tw.
341 3583 472 3663 Video
495 3608 636 3685 magna
656 3607 705 3657 ex
721 3596 832 3684 parte
855 3581 1005 3661 obstare
1025 3583 1148 3665 sectae

186 3714 302 3801 mirae
324 3719 598 3799 auctoritatem
619 3733 659 3795 et
677 3719 907 3819 exemplum
934 3719 1057 3821 ipsius
1082 3725 1152 3801 Ci-

184 3859 325 3950 taonis,
370 3859 486 3951 cujus
512 3868 645 3931 tamen
680 3879 901 3931 crussin
929 3855 1028 3933 adeo
1058 3858 1151 3933 reli·

182 3980 261 4077 tiose
288 3989 492 4069 vindicari
518 3991 647 4071 miror
675 4013 769 4070 cum
796 4012 1030 4068 oritano
1060 3995 1154 4085 reji-
