2596 4710
304 308 427 376 msa.
456 302 664 374 aaaron
688 300 780 370 ura.
806 301 879 387 111,
907 303 940 373 a.
1052 319 1124 387 515

127 494 302 574 infacto
333 492 567 591 conjectura,
619 492 664 566 in
694 491 858 565 nomine
877 486 1032 597 finitio,
1082 494 1127 569 in

128 636 273 712 genere
296 609 485 707 qualitas,
514 609 558 680 in
577 607 731 680 actione
745 603 812 702 jus
824 607 1125 707 intelligeretur.

127 729 212 809 Juri
243 723 457 817 subjecerat
490 722 795 796 translationem.
880 725 1030 835 Verum
1059 723 1126 796 hio

127 842 272 941 legales
299 863 461 939 quoque
495 834 740 937 quaestiones
770 836 849 911 alio
875 837 965 913 loco
996 853 1131 912 tractat

128 973 177 1031 ut
207 953 352 1055 species
382 955 555 1027 actionis.
640 954 822 1025 Fuerunt
851 954 923 1051 qui
954 950 1191 1027 facerentat'
1251 1004 1256 1011 -

130 1072 322 1171 quinque,
351 1068 616 1167 conjecturrmz,
631 1063 863 1173 finitionem,
892 1067 1130 1167 qualitatem,

128 1191 401 1286 quantitatem,
434 1184 489 1257 ad
516 1182 674 1279 aliquid.
760 1180 998 1258 Theodorus
1029 1210 1131 1283 quo·

129 1328 230 1403 que,
273 1317 321 1373 ut
347 1299 453 1389 dixi,
495 1296 638 1372 iisdem
664 1296 913 1394 generalibus
939 1300 1131 1398 capitibus

129 1419 279 1505 utitur,
306 1414 376 1491 Aa
388 1409 475 1522 stt?
508 1412 617 1524 Quid
625 1404 713 1520 stt?
747 1406 965 1520 Qualefit?
997 1414 1131 1524 Quan-

128 1549 210 1607 tum
226 1525 311 1639 fit?
336 1531 410 1605 Aa
432 1526 588 1627 aliquid.
647 1530 734 1600 Hoc
754 1524 944 1601 ultimum
960 1531 1131 1604 maxime

128 1648 186 1722 in·
202 1645 471 1744 comparativo
500 1665 643 1743 genere
667 1636 813 1714 versari
836 1657 968 1740 putat:
1000 1669 1131 1744 quon.
1183 1703 1186 1715 ,

80 1840 83 1845 ,
128 1763 211 1836 iam
236 1761 380 1834 meiius
404 1784 447 1833 ac
471 1762 604 1857 pejus,
638 1759 765 1849 majus
796 1770 835 1829 et
860 1757 1015 1847 minus,
1057 1754 1131 1832 nist

132 1876 211 1950 alio
243 1876 361 1947 relata
383 1898 468 1948 non
497 1871 787 1966 intelliguntur.
871 1870 947 1945 Sed
971 1876 1016 1947 in
1042 1874 1176 1949 illas⁵²
1238 1906 1241 1911 <

132 2012 295 2090 quoque
311 1986 565 2072 translativas,
581 1997 627 2056 ut
641 1980 758 2083 supra
771 1979 997 2082 significavi,
1014 2013 1132 2088 quae.

194 2267 225 2307 at
235 2247 349 2326 speeies.
391 2249 515 2311 senta,
536 2264 662 2323 proquo
677 2248 1041 2332 utreponiiubetRegiur.
1076 2253 1133 2310 Ne·
1223 2320 1226 2325 .

133 2353 189 2412 qne
205 2351 263 2391 erat
275 2332 353 2408 quod
368 2336 448 2391 Gefn.
471 2356 503 2388 ac
522 2333 623 2386 iaceret
645 2351 680 2386 ex
697 2332 747 2388 isto
760 2330 938 2395 Jenioaianae
952 2355 1061 2399 errore,
1082 2339 1134 2412 qui
1215 2340 1220 2357 “

132 2437 242 2498 practer
256 2422 352 2475 Locat.
373 2433 401 2473 et
421 2420 502 2474 Rufe.
523 2418 553 2471 in
576 2434 701 2471 mearum
716 2418 754 2473 est
768 2418 855 2474 nulla.
875 2421 965 2477 Codd.
981 2439 1076 2477 omnen
1094 2438 1134 2483 ut.

131 2505 210 2579 qnod
234 2506 264 2558 in
278 2504 397 2561 Vallensr
420 2503 518 2557 diserte
542 2517 637 2555 monet
657 2500 769 2557 Badias.
797 2504 865 2558 item
881 2504 924 2559 ed.
938 2507 1047 2560 Tarvir.
1076 2506 1133 2576 (ef.

133 2590 168 2643 ed
189 2590 214 2657 q.
231 2593 304 2662 47.)
469 2606 523 2640 non
538 2587 622 2641 intell.
665 2584 752 2641 Goth.
769 2609 815 2642 nec
830 2590 914 2643 intell.
937 2608 1001 2643 cum
1011 2590 1085 2648 Voff.
1104 2605 1132 2644 Ω.

134 2674 212 2748 quod
236 2689 310 2728 reete
334 2671 427 2727 laudat
448 2671 528 2724 Gara.
572 2671 629 2725 Nee
652 2684 681 2723 et
701 2690 754 2725 aaa
775 2672 805 2724 in
821 2674 890 2727 MSS
913 2691 970 2727 non
990 2692 1053 2728 raro
1073 2693 1134 2747 per·

133 2753 290 2813 mutanrn'r.
449 2752 606 2828 significavi
626 2783 668 2794 -
687 2756 813 2809 incidunt.
857 2760 910 2810 Pro
932 2757 1028 2831 priore
1047 2758 1133 2814 Goth.

134 2859 163 2897 et
177 2841 252 2899 Voff.
270 2853 298 2892 2.
315 2835 425 2912 figuravi
445 2856 508 2889 cum
524 2836 585 2890 aad.
602 2853 664 2889 aare
679 2839 821 2893 Stoerium
837 2841 905 2894 meir
921 2841 1067 2904 omnibus,
1087 2860 1134 2897 ex·

135 2927 221 3003 ceptis
243 2919 384 2980 folianu.
408 2933 436 2971 et
455 2918 658 2975 Basrleensrbur.
699 2923 762 2976 noe
777 2943 944 3002 magnopere
964 2940 1059 2981 tuetur
1073 2929 1136 2982 Ges·

177 3141 274 3196 tte-
289 3142 346 3197 alio
361 3140 429 3197 loco.
465 3138 531 3199 vid.
553 3142 616 3196 Par·
698 3156 728 3195 ut
739 3135 828 3216 supro
841 3140 999 3217 figmficavi
1014 3172 1057 3187 -
1072 3146 1138 3201 inci·

137 3225 196 3279 titt.
218 3226 310 3283 Orate.
334 3246 357 3280 c.
380 3240 428 3295 51.
451 3241 478 3280 et
495 3235 535 3294 58
555 3222 615 3285 nbi,
657 3225 733 3280 dunt.
776 3225 835 3279 vid.
860 3227 884 3295 p.
911 3240 959 3294 23.
996 3227 1132 3289 Pluralen

137 3309 198 3384 post
218 3310 408 3379 conjecturae,
433 3310 568 3363 finitionis
589 3326 617 3363 et
657 3311 791 3369 incidant,
840 3329 876 3364 ex
919 3312 1136 3386 Capperonnerii

138 3390 280 3467 qurlitaris
307 3394 389 3448 statne
416 3394 445 3447 in
475 3393 616 3470 prioribus
658 3393 911 3456 eninradverfione,
938 3391 1019 3470 plane
1042 3397 1135 3453 censeo

139 3492 287 3538 tractatos,
323 3478 521 3553 disputatione.
550 3476 617 3553 quae
658 3477 823 3532 mutandum
840 3479 871 3532 in
889 3478 1052 3558 fingnlarem
1073 3483 1126 3537 inei

138 3560 260 3636 uersatur
280 3565 307 3616 r'n
323 3561 427 3637 scripto
456 3562 529 3634 (hae
554 3564 617 3616 [unt
659 3562 715 3622 dir,
744 3579 813 3633 qnae
835 3578 893 3617 non
915 3561 954 3618 ita
975 3564 1136 3639 infrequens

139 3643 240 3723 legales
265 3647 470 3718 quaestiones),
490 3645 617 3724 expofira
658 3647 827 3720 permutatio
851 3647 905 3717 (cf.
925 3663 985 3704 not.
1007 3650 1079 3706 Crit.
1101 3648 1136 3707 ed

139 3749 216 3784 omno
233 3751 326 3784 manas
339 3730 456 3808 promiffi
476 3728 620 3805 [nicense-
662 3744 689 3799 3,
704 3740 732 3802 4,
751 3735 802 3803 9).
845 3732 977 3787 Refertur
991 3732 1065 3788 enim
1082 3733 1137 3791 hoe

141 3829 212 3868 ctum
228 3813 294 3888 fore
312 3816 359 3868 ait.
403 3817 549 3870 Peliimnm
571 3812 620 3869 ali-
660 3814 803 3869 manisesto
827 3816 859 3868 ad
876 3815 964 3871 solum
984 3817 1054 3874 istud
1076 3820 1138 3875 utri·

140 3911 213 3970 quot
234 3898 295 3951 edd.
317 3913 349 3952 ut
369 3901 448 3955 Leid.
470 3903 568 3955 Barm.
592 3913 621 3952 et
662 3919 748 3959 mum.
791 3897 877 3954 ridel.
904 3894 937 3955 eo*
965 3902 1004 3957 ad
1025 3903 1138 3980 aliquid.

140 3984 228 4055 Capp.
242 3982 346 4035 vitium
367 3983 403 4037 est
425 3983 621 4039 circumflexus
661 4000 721 4037 uon
746 3981 781 4035 ad
807 3981 914 4058 reliqua
940 3986 1040 4049 etiem,
1068 4006 1137 4062 qrue

141 4065 171 4119 in
186 4067 235 4125 hic,
251 4069 334 4143 >quafi
351 4070 383 4122 fit
399 4067 576 4124 adverbium⁴
662 4064 749 4122 modo
772 4064 923 4131 recensuit,
945 4070 1080 4149 generalia
1100 4091 1141 4125 ca·

183 4164 213 4205 ut
228 4148 298 4205 etet.
321 4150 346 4221 9.
363 4149 412 4219 56.
662 4150 886 4289 piraKTkheodori.
914 4152 974 4211 rid.
995 4169 1054 4211 not.
1071 4154 1139 4212 Crir.

793 4250 811 4290 2
