2596 4710
252 336 330 419 σοι,
487 325 547 401 nt
572 323 675 396 rra.
699 262 1020 417 onncrnnnr

254 516 444 596 advocari
461 513 666 615 coeperint
682 514 728 587 in
745 509 911 589 consilia
930 511 1178 601 amicorum,
1208 510 1270 587 di·

254 659 346 711 cere
368 630 602 709 sententiam
623 630 668 703 in
692 626 850 719 senatu,
887 625 1071 717 suadere,
1108 625 1268 728 liquid

254 747 436 828 consulet
465 748 669 849 princeps:
717 745 830 846 quod
858 745 1078 848 praeceptis
1108 740 1267 821 fortasse

253 888 342 943 non
363 863 550 953 credunt,
581 858 657 938 usu
673 861 938 941 docebuntur.
1275 900 1278 905 ·

340 1096 406 1169 tx.
448 1094 574 1171 Nunc
604 1092 655 1170 de
682 1093 862 1186 iudiciali
883 1114 1040 1192 genere.
1075 1090 1193 1192 quod
1210 1087 1265 1167 est

255 1211 472 1310 praecipue
494 1212 727 1312 multiplex,
754 1208 823 1286 sed
838 1207 978 1286 officiis
994 1192 1148 1284 constat
1161 1205 1264 1283 duo·

254 1322 352 1413 bus,
390 1328 606 1404 intentionis
626 1352 671 1401 ac
696 1322 936 1436 depulsronir.
982 1328 1098 1417 cnjus
1123 1338 1262 1425 partes,

252 1454 304 1517 ut
321 1440 510 1539 plurimis
527 1444 758 1529 auctoribus
769 1441 937 1544 placuit,
962 1440 1148 1540 quinque
1163 1435 1262 1526 sunt,

252 1561 514 1654 prooemium,
559 1564 755 1649 narratio,
803 1552 1006 1659 probatio,
1059 1550 1262 1663 refutatio,

252 1677 469 1769 peroratio.
527 1668 603 1750 His
627 1674 858 1769 adjecerunt
889 1669 1056 1772 quidun
1078 1674 1260 1769 partitio·

254 1812 353 1874 nem,
378 1782 695 1897 proposttt'onem,
720 1781 923 1900 exceffum.
957 1806 1135 1887 quarum
1156 1788 1259 1886 prio·

229 1922 317 1976 cres
331 1899 437 1976 duae
457 1903 687 2002 probationi
707 1902 933 1979 succedunt
991 1902 1101 1977 Nam
1119 1920 1263 2002 propc-

256 2041 354 2093 nere
381 2018 568 2118 quidem,
607 2044 710 2119 quae
739 2018 1078 2120 fisp1·0baturu5,
1120 2010 1262 2092 necesse

254 2129 332 2223 cst3
360 2129 432 2209 sed
446 2149 487 2209 et
503 2134 762 2211 concludere:
787 2161 862 2211 cur
874 2136 1020 2234 igitur,
1044 2131 1163 2209 fiilia
1178 2155 1261 2233 pars

260 2246 397 2325 causae
424 2248 500 2338 est,
539 2275 625 2326 non
653 2265 694 2324 ct
716 2250 812 2325 haec
838 2248 913 2324 srt‘l
965 2252 1139 2327 Partitio
1165 2272 1259 2322 vero

258 2360 530 2462 dispositionis
555 2363 611 2439 est
636 2362 801 2465 species,
842 2360 925 2465 ipsa
948 2358 1148 2475 dffposttio
1173 2358 1260 2463 pars

255 2477 496 2566 rhetorices,
534 2492 575 2552 et
597 2505 669 2581 per
693 2505 830 2556 omnes
850 2484 1032 2555 materias
1053 2496 1259 2578 totumque

256 2616 395 2668 earum
421 2617 567 2694 corpus
583 2595 805 2695 'aequaliter
827 2592 932 2683 fusa,
973 2594 1073 2671 licut
1093 2598 1258 2671 druentia

229 2726 250 2787 ὅ
257 2725 296 2783 et
318 2708 490 2785 elonctio.
556 2708 732 2817 Ideoque
757 2736 842 2785 eam
864 2736 950 2786 non
982 2711 1175 2787 orationis
1202 2724 1259 2785 to·

255 2825 337 2901 tius
368 2839 522 2923 partem
546 2851 668 2901 unam
695 2822 769 2900 elle
799 2825 1046 2902 credendum
1074 2824 1153 2915 est,
1194 2822 1259 2900 sed

255 2935 536 3042 quaestionum
557 2943 676 3016 etiam
695 2940 951 3043 smgularurn
1016 2948 1129 3049 Quae
1151 2965 1258 3017 nam·

178 3188 193 3226 ⁸
310 3185 340 3264 fi
352 3187 417 3265 quid
429 3185 500 3263 cons.
513 3191 597 3261 piac.
619 3188 714 3244 Turic.
723 3186 749 3264 s.
764 3211 790 3265 q.
800 3205 828 3245 et
839 3186 956 3265 consulis
968 3192 1098 3266 principis
1112 3211 1180 3247 curn
1187 3190 1258 3248 Alm.

320 3293 399 3371 Quae
420 3312 534 3368 mnrqua
550 3291 598 3366 est.
640 3294 736 3349 Turic.
754 3292 846 3349 Guels.
864 3294 950 3350 Goth.
969 3296 1042 3355 Jrns.
1063 3300 1139 3366 (tac.
1156 3298 1257 3362 Gelu.)

253 3376 393 3435 omittunt
412 3397 525 3455 namque
548 3396 612 3433 cum
637 3376 712 3433 Alm.
733 3377 809 3439 Vols.
833 3398 860 3435 ι.
878 3393 908 3448 3.
936 3378 1033 3450 (Vols.
1055 3394 1085 3436 2.
1111 3381 1258 3444 mitons

292 3585 369 3655 enjus
397 3598 498 3657 partes.
541 3583 617 3640 Cave
639 3582 734 3639 relati·
777 3604 825 3647 ro.
842 3593 872 3658 4.
915 3584 994 3641 Idem
1008 3586 1047 3643 cst
1061 3588 1139 3664 quod
1150 3587 1258 3668 subjici.

248 3685 321 3722 vum
337 3667 439 3723 referas
455 3666 490 3720 ad
508 3670 672 3742 proximum
687 3670 733 3723 dc·
773 3669 810 3725 dc
823 3688 880 3746 quo
894 3669 960 3725 vide
975 3684 1005 3741 3,
1022 3685 1053 3740 ὅ.
1076 3673 1106 3731 6.

247 3749 322 3825 puls.
364 3755 473 3826 Spectat
501 3751 536 3805 ad
563 3755 624 3823 J'nd.
646 3774 732 3828 genus

241 3836 304 3900 (cf.
325 3855 351 3898 r,
377 3848 407 3904 5,
432 3842 507 3911 19);
534 3838 731 3911 etficoptimi

246 3915 404 3991 loquuntur
412 3921 565 3996 scriptores.
575 3922 610 3976 cs.
619 3922 730 3977 Schnei-

244 4002 303 4058 der.
319 4002 353 4059 ad
369 4004 429 4061 Cic.
446 4009 526 4062 Brut.
541 4026 565 4061 c.
584 4021 630 4077 15,
647 4023 676 4064 2.
696 4009 729 4064 in
768 3983 853 4061 ¹¹.⁰¹¹¹⁰
873 3981 979 4041 partem
999 3969 1110 4031 mue·
1132 3969 1184 4026 *⁸1
1198 3990 1256 4027 ⁰¹³·

238 4086 286 4143 td·
309 4088 418 4144 ποῖοι,
769 4048 864 4111 uouit,
889 4045 1040 4107 constiutit.

814 3795 864 3850 illa
879 3825 920 3838 -
932 3795 1006 3857 haec.
1032 3800 1195 3891 propositio
1216 3796 1257 3846 -’-

771 3878 918 3941 conclusio.
935 3899 1055 3954 quarum
1070 3882 1255 3957 posteriorem

279 4167 437 4250 [wordum.
469 4174 505 4231 cs.
522 4188 551 4247 3,
575 4174 604 4240 6.
627 4193 676 4247 τι.
699 4195 724 4235 ο.
810 4175 1024 4267 thnmu·
1068 4176 1254 4253 Coniunctio·
