2596 4710
234 298 383 349 axxxvr
560 276 902 351 panormo

233 490 277 543 ac
293 465 536 568 typographi
545 488 710 557 errores,
736 469 844 543 leves
857 465 1082 567 plerosque,
1110 484 1239 561 quan·

232 626 354 703 quam
374 603 493 678 nimis
520 604 669 680 multos
692 628 768 704 pro
796 600 1023 701 diligentia,
1065 622 1167 697 quae
1190 599 1236 671 in

232 736 477 836 corrigendis
497 737 668 839 plagulis
688 736 864 812 adhibita
890 732 944 809 est
967 731 1137 819 summa,
1189 748 1237 806 ut

232 850 461 974 percensere
480 896 533 949 ne
552 874 748 973 graveris,
788 886 999 969 mitequam
1028 866 1078 941 ad
1102 864 1236 966 ipsum

232 1030 336 1105 opus
367 1005 586 1106 legendum
614 1006 791 1094 accedas,
843 1000 1020 1104 impense
1051 1015 1090 1076 te
1122 1027 1236 1101 rogo,

230 1140 356 1216 lector
380 1141 595 1228 benevole,
640 1147 752 1236 cujus
777 1140 942 1242 quidem
974 1136 1127 1233 iudicio
1156 1143 1235 1230 jam

178 1246 182 1257 Ι
227 1290 297 1351 me
315 1260 506 1375 meosque
526 1276 680 1354 labores
704 1277 846 1353 voleus
868 1275 1067 1375 permitto.
1123 1272 1235 1346 Reli·

231 1434 334 1509 quos
369 1410 610 1515 Quintiliani
638 1411 761 1489 libros
789 1414 984 1489 continuo
1016 1432 1082 1483 me
1118 1405 1235 1482 datu·

230 1567 322 1618 runt
356 1541 482 1642 spero.
566 1548 734 1622 Interim
787 1544 903 1634 scito,
951 1545 1065 1645 prelo
1105 1538 1235 1633 subje-

229 1693 340 1752 ctum
360 1673 476 1753 tuille
497 1680 761 1780 Bip'ontiuunt
778 1680 977 1781 scriptoris
999 1679 1080 1753 mei
1103 1702 1237 1751 exem·

199 1814 365 1916 plum,
392 1813 543 1911 inquo
568 1814 617 1903 fi,
652 1842 761 1892 nunc
783 1814 986 1891 mutandis
1006 1838 1114 1887 nunc
1139 1813 1235 1887 reti·

228 1947 373 2025 nendis
394 1942 678 2027 sententiarum
698 1950 1030 2036 diremtionibus,
1058 1948 1152 2048 plus
1176 1962 1233 2023 et·

229 2084 330 2192 iam,
363 2108 486 2184 quam
508 2084 703 2175 indicavi,
736 2084 792 2161 est
815 2087 1040 2173 turbatum,
1072 2084 1233 2159 veniant

230 2233 335 2318 peto.
393 2222 439 2292 ln
463 2221 642 2321 margine
665 2223 856 2297 interiore
874 2234 1030 2295 notatae
1054 2213 1148 2293 sunt
1163 2242 1232 2318 pa-

229 2354 344 2453 ginae
367 2356 691 2430 Burmannianae.
768 2360 883 2433 Dum
906 2379 1004 2429 vero
1028 2350 1110 2453 ipsa
1134 2352 1231 2427 haec

228 2482 419 2589 praefatio
446 2490 555 2589 typis
580 2492 836 2591 exprimitur,
877 2488 1046 2590 effigiem
1071 2489 1232 2563 nunnni

227 2622 340 2698 illius
358 2624 575 2715 Patiniuni,
607 2626 789 2703 habentis
810 2651 960 2701 nomen
978 2623 1231 2730 Quintiliani,

229 2756 281 2831 de
296 2783 379 2856 quo
394 2754 511 2859 supra
534 2759 638 2849 dixi,
664 2786 823 2837 meeum
841 2758 1154 2835 communicavit
1167 2758 1233 2831 vir

103 2900 107 2907 '
186 2930 191 2937 ·
229 2892 430 2981 eruditus,
449 2894 656 2994 literisque
671 2895 856 2990 juvandis
871 2893 1024 2995 semper
1041 2895 1233 2983 intentus,

229 3024 444 3117 Kirchhof,
472 3032 637 3109 Senator
661 3029 988 3133 Hamburgenfis,
1017 3024 1233 3104 conceliam

229 3162 301 3239 libi
322 3162 371 3237 ab
386 3162 636 3240 illustriffirna
649 3165 941 3266 doctillnnaque
957 3164 1114 3242 Comite
1130 3166 1233 3237 Ben-

229 3299 397 3388 tinokia,
424 3296 545 3401 ipsius
571 3304 730 3377 nummi
752 3302 925 3378 domina.
985 3303 1157 3398 Apparet
1173 3298 1234 3372 ibi

228 3462 272 3513 os
297 3433 464 3537 Augusti
485 3433 695 3526 aliorsum,
731 3463 852 3536 quam
876 3438 921 3511 in
937 3435 1066 3509 Patini
1093 3430 1233 3533 effigie,

227 3566 421 3669 spectans,
451 3568 647 3665 videlicet,
665 3567 926 3647 sinistrorsum
941 3568 1046 3643 illud
1065 3593 1234 3644 conver·

226 3704 338 3779 titur.
397 3704 431 3781 C
447 3718 582 3777 autem
604 3701 693 3780 [atis
712 3703 920 3781 manifesto
942 3699 1169 3803 agnoscitur
1187 3703 1232 3779 in

225 3828 415 3951 nomine,
445 3863 673 3941 quanquam
695 3841 827 3939 aliqua
850 3837 905 3914 est
930 3839 1140 3913 literarum
1161 3837 1234 3915 ob·

226 3968 400 4049 scuritas.

543 4115 957 4143 unu-*uun—
