2836 4812
159 313 163 324 '
213 302 309 426 '5203
469 337 527 409 Μ.
550 339 651 410 ria.
680 339 995 435 qomrnnni

180 545 366 632 copretes.
425 527 504 606 Sed
523 527 664 606 Cicero
680 529 846 630 quidem
861 527 924 605 his
942 527 1239 630 pulcherrimos

228 647 322 722 illos
347 644 397 719 de
421 659 577 720 oratore
602 642 822 735 substituit,
867 645 1043 744 ideoque
1069 647 1239 746 culpari,

229 777 418 859 tanquam
440 758 533 834 falsa
554 758 787 860 praecipiat,
823 787 910 837 non
932 758 1068 860 potest.
1145 765 1239 838 Nos

109 913 131 980 χ
230 877 281 950 ad
304 882 595 974 Hermagoran.
662 879 701 952 T
698 877 966 954 metationem
990 877 1057 952 hic
1078 879 1240 977 primus

231 993 418 1067 omnium
453 990 635 1077 tradidit,
682 1017 918 1092 quanquam
959 990 1109 1068 semina
1151 1000 1240 1085 eius

233 1106 426 1207 quaedam
441 1106 536 1180 citra
549 1132 699 1182 nomen
710 1104 842 1208 ipsum
859 1107 968 1210 apud
985 1107 1241 1186 Aristotelem

184 1225 499 1320 fiireperiuntiar.
557 1224 718 1323 Legales
739 1239 871 1298 autem
894 1211 1142 1324 quaestiones
1165 1225 1242 1302 hae

231 1333 344 1426 fecit,
379 1332 526 1445 scripti
549 1353 588 1412 et
609 1339 821 1414 volumno
849 1339 998 1439 (quam
1014 1337 1095 1440 ipse
1117 1357 1234 1416 vocat

232 1455 327 1530 eneas
353 1456 465 1558 ῥητὸν,
504 1465 564 1532 ael
588 1453 823 1558 ὑπεξαίρεσιν,
871 1454 916 1530 id
940 1451 996 1529 est
1024 1457 1167 1531 dictum
1199 1471 1233 1530 et

234 1571 512 1664 exceptionem:
548 1595 724 1668 quorum
744 1572 855 1670 prius
876 1571 915 1644 ei
932 1595 1025 1646 cum
1046 1571 1234 1646 omnibns

234 1707 449 1758 commune
465 1680 532 1772 est,
560 1688 803 1786 exceptionis
824 1691 976 1764 riomen
998 1688 1136 1763 minus
1158 1681 1233 1760 usi·
1264 1758 1275 1778 ,

893 1819 900 1852 r

495 1883 502 1913 s

232 1981 325 2036 infimi
338 1975 475 2044 hominu,
496 1983 654 2041 mercedula
668 1983 715 2040 ed·
755 2003 838 2059 quam
862 2004 913 2041 nee
930 2003 1011 2066 nego.
1054 1984 1179 2042 Alterum
1202 1981 1236 2038 in

234 2067 321 2127 ducti.
342 2067 500 2128 „ministrer
509 2071 533 2122 le
541 2069 673 2143 praebent
683 2071 713 2124 in
756 2071 855 2124 eodem
871 2069 1024 2126 Aristotelia
1040 2071 1126 2146 eapite
1143 2068 1182 2136 (s.
1200 2071 1237 2135 α)

233 2151 364 2226 „judieiia
393 2151 565 2214 oratoribus,
596 2154 633 2217 ii,
663 2157 714 2230 qui
756 2153 885 2232 designat,
908 2153 1238 2229 lilequamoreonjectu·

208 2235 323 2310 ‘mpod
339 2234 403 2290 illee
416 2236 600 2312 πραγματικαὶ
614 2231 715 2295 nocan-
755 2257 814 2292 ram
831 2238 968 2296 Victorii:
1005 2231 1037 2293 ὦς
1051 2231 1079 2292 ed
1094 2230 1236 2311 βλκβορδν

231 2331 328 2382 „tow
356 2315 389 2374 it.
411 2339 435 2380 ι.
455 2335 505 2396 59.
523 2337 594 2376 extr.
623 2323 713 2378 noster
753 2309 821 2386 deti
839 2317 933 2394 τούτῳ.
975 2323 1038 2378 Esse
1055 2323 1130 2377 enim
1152 2321 1183 2374 in
1206 2313 1238 2374 eri

234 2409 280 2464 12'2
298 2417 325 2469 5.
340 2413 369 2475 4·
391 2403 519 2461 Juvenal.
536 2420 564 2475 7.
583 2421 650 2474 125·
754 2403 840 2478 τούτῳ
853 2407 1049 2462 recusationem
1065 2404 1238 2465 aenisatorie,

273 2487 333 2542 Nos
354 2485 392 2540 ad
415 2489 505 2544 Herm.
545 2504 713 2550 „eonverta-
755 2511 825 2566 quae
845 2493 983 2566 pertineat
1002 2491 1239 2546 adnunciationis

205 2583 346 2634 '.,mur.“
387 2572 432 2626 sie
452 2591 521 2628 mox
544 2587 581 2641 5,
609 2573 646 2636 6,
671 2585 712 2650 98
754 2575 863 2629 flatum.
924 2579 961 2632 Et
986 2575 1090 2649 recepit
1114 2572 1237 2629 Rutilios

231 2656 303 2718 „Sed
319 2637 353 2709 ad
368 2660 570 2730 propositum·
591 2678 614 2712 e.
624 2667 655 2729 8,
674 2677 710 2716 ιο
753 2659 824 2713 hane
837 2659 922 2734 ipsam
938 2659 1093 2720 lectionem,
1116 2659 1195 2712 MSS.
1207 2671 1237 2710 et

231 2739 303 2803 ..Sed
318 2757 394 2794 nune
406 2740 439 2805 ad
453 2742 628 2797 suasoriam.“
752 2745 844 2798 veteri
865 2746 989 2797 versione
1009 2743 1160 2802 firmatam,
1183 2759 1236 2817 pro

275 2828 377 2899 primas
405 2829 529 2880 emnium.
589 2827 648 2883 Cic.
679 2825 713 2881 de
755 2827 873 2904 vulgato
888 2821 917 2882 eri
932 2825 1022 2900 τοῦτο,
1044 2827 1121 2902 qnod
1135 2828 1240 2900 spectet

232 2913 297 2964 Inv.
325 2927 351 2968 ι.
377 2925 424 2962 ιι.
465 2912 578 2982 „Hujus
606 2911 712 2984 (quam
756 2910 789 2966 ad
803 2915 968 2983 finitionem.
1034 2911 1086 2966 Sed
1110 2910 1240 2964 emenda·

232 2989 441 3055 ..tranelativam
450 2995 721 3062 nomimnnnn)eon-¹
755 2993 862 3072 tionem
883 2995 959 3048 islam
975 2994 1165 3056 Victoriarum
1179 3011 1241 3048 non

231 3077 401 3140 „stitutionis
416 3080 601 3158 Hermagorei
615 3080 713 3134 inven-
753 3080 866 3154 prorsus
901 3093 990 3134 totam
1019 3079 1147 3136 existimo
1182 3097 1241 3134 ona

232 3177 298 3224 „tor
313 3161 365 3216 else
379 3161 579 3217 existimetur.“
601 3178 654 3216 eet.
755 3181 818 3217 curn
842 3165 958 3238 Capper.
988 3165 1023 3219 cs.
1039 3167 1088 3218 Ar.
1106 3163 1189 3219 Rhet.
1208 3175 1238 3230 3.

271 3243 377 3321 sentina
414 3273 457 3288 -
491 3248 567 3320 apud
601 3243 714 3321 Aristar.
760 3261 807 3314 17,
834 3267 860 3308 1,
882 3247 932 3302 ubi
948 3247 1042 3303 eadem
1060 3249 1134 3306 sere,
1155 3261 1185 3300 et
1198 3245 1239 3300 le-

233 3333 329 3387 Unnm
343 3327 496 3386 Aristotelia
510 3329 603 3384 locum
619 3331 714 3399 (libet.
757 3331 836 3410 gitur
850 3327 876 3386 η’
888 3327 948 3407 nepa*
960 3329 1009 3388 reli
1024 3329 1146 3401 γενέσθαι
1164 3349 1182 3386 r
1191 3326 1241 3385 ei·

236 3418 393 3484 3,15,'3).
415 3414 717 3470 latumanilellumil·
756 3434 795 3470 ee
815 3407 832 3477 ts
853 3409 1065 3488 ἀμφισβήτησις.
1100 3415 1175 3472 Male
1191 3433 1241 3468 au·

234 3499 296 3554 lom
312 3499 342 3552 in
356 3498 427 3553 lunc
440 3517 509 3560 rem.
525 3501 716 3574 allertCappe·
757 3513 815 3554 tem
832 3515 950 3554 vertunt
973 3503 1011 3562 „a
1032 3502 1066 3555 de
1086 3501 1160 3555 lacto
1175 3517 1242 3554 con.

234 3581 395 3638 ronneeiue.
437 3584 531 3661 Negat
546 3581 588 3638 ibi
604 3584 717 3658 Euripi·
758 3587 908 3646 „troversia
931 3586 1045 3646 l'uerit‚“
1078 3603 1142 3638 cum
1158 3583 1242 3637 debe·

235 3665 283 3720 dee
306 3665 344 3719 in'
358 3664 464 3739 judicio
482 3665 580 3722 debere
594 3668 639 3746 egi
655 3687 718 3722 cau·
757 3669 896 3724 remita:
935 3669 983 3731 ..si
1006 3667 1166 3742 quaeritur,
1204 3685 1241 3720 ιιι

237 3753 308 3812 sam.
337 3769 422 3824 quem
441 3746 533 3830 κμηιξ
555 3753 585 3806 in
608 3751 716 3806 theatro
757 3754 825 3815 „hoc
848 3753 970 3808 maxime
995 3753 1100 3808 sactum
1124 3751 1240 3808 lueriw‘

236 3836 292 3909 jem
316 3833 540 3908 diaeepuverint.
602 3836 659 3890 llic
678 3851 717 3890 ta·
757 3835 916 3910 Estfiniciei
932 3839 1014 3892 statue
1029 3835 1201 3916 significatio.

237 3937 302 3974 men
323 3915 395 3973 solue
420 3935 455 3972 an
477 3921 605 3981 indiciae,
633 3919 717 3974 solue·
800 3925 885 3976 ninas
899 3921 1034 4000 reficerem.
1052 3939 1103 3996 pro
1113 3938 1170 3994 quo
1180 3937 1242 3994 per·

236 4021 292 4077 que
308 4001 468 4059 obversam·
484 4002 716 4078 fithimilianor
757 4003 906 4084 vulgatum
920 4007 956 4064 eli
972 3999 1047 4064 need
1060 3998 1182 4062 derivem·
1202 4003 1240 4059 ei.

236 4088 365 4164 equidem
387 4105 445 4142 non
467 4087 603 4152 dixerim.
631 4107 719 4164 quen·
758 4091 783 4160 9.
799 4089 850 4161 46.
