2596 4710
338 352 459 423 INST.
487 352 696 425 ORATOR]
722 356 813 425 LIB.
828 356 864 442 13
891 375 927 446 7.
1060 370 1131 440 185

126 532 357 627 efferebant,
375 539 537 636 quidum
553 538 706 641 semper
720 558 766 631 ut
780 542 937 617 Graeci:
968 539 1133 642 quidam

125 652 380 753 singulariter
402 670 577 745 tantum,
608 683 698 731 curn
722 659 766 733 in
783 657 966 731 dativum
982 658 1049 731 vel
1064 666 1133 755 ge·

126 770 310 844 nitivum
327 768 458 845 casum
475 768 708 859 incidissent,
734 771 843 846 unde
857 776 980 871 pictai
997 766 1131 875 vestis,

127 898 171 959 et
199 882 325 973 aulai,
362 887 576 985 Virgilius,
610 884 884 983 cruentissimus
915 885 1132 976 vetustatis,

128 1000 374 1075 carminibus
400 996 575 1075 inseruit.
633 1005 681 1075 In
706 1000 849 1077 iisdem
876 1001 1025 1101 plurali
1051 1028 1129 1077 nu«
1139 1026 1178 1085 ¹9

127 1114 296 1190 meroE
309 1115 535 1203 utebantur,
562 1113 602 1188 lu'
621 1116 765 1213 Syllae,
788 1113 948 1193 Galbae.
1005 1112 1072 1190 Est
1086 1117 1133 1191 in

127 1226 206 1304 hac
228 1254 390 1330 quoque
410 1246 519 1331 perte
538 1232 687 1305 Lucilii
704 1249 978 1333 praeceptum:
1009 1230 1133 1330 quod,

200 1424 325 1481 etrusci.
368 1424 750 1505 Guels.et'1'urie.etaquer'.
779 1429 860 1483 Rern.
877 1426 1010 1501 (plenius,
1024 1428 1044 1482 st
1057 1416 1133 1483 reet'e
1169 1414 1175 1419 ⁸

129 1508 170 1563 est
184 1514 343 1582 excerptus)
359 1526 386 1565 et
402 1512 478 1565 aulai
490 1528 518 1568 ee
533 1516 623 1588 aquai.
660 1510 830 1591 DcVirgilii
843 1514 925 1567 versu
938 1518 1006 1569 Aen.
1018 1527 1046 1579 7,
1059 1510 1131 1585 464.

130 1592 188 1648 ubi
207 1592 360 1648 fluctuatur
380 1595 453 1648 inter
474 1602 602 1671 aperiet
623 1620 708 1670 aquae
729 1601 771 1652 vis
793 1594 854 1649 vid.
876 1600 1000 1672 lutetpp.
1024 1612 1132 1671 poetae.

130 1676 224 1733 Goth.
245 1694 380 1753 receptam
401 1679 464 1740 dat,
492 1695 520 1735 et
533 1680 677 1755 probabile
698 1681 734 1736 est
753 1679 866 1735 eandem
882 1682 955 1735 tueri
968 1680 1043 1737 Vols.
1061 1695 1089 1735 α.
1105 1695 1134 1734 et
1206 1716 1209 1727 ·

131 1776 192 1815 tres
206 1762 379 1817 Britannicos
393 1763 481 1819 Codd.
527 1768 664 1820 Praeterea
678 1765 860 1821 Grrmmrtici
876 1764 1046 1827 Putsclrieni‚
1075 1764 1136 1818 Pri·

128 1846 257 1905 tetanus,
285 1844 344 1908 bie,
377 1847 473 1905 vetius
489 1852 582 1928 Long.
607 1864 635 1904 et
660 1851 767 1905 Marius
790 1849 898 1905 Victor.
921 1850 993 1905 hisce
1014 1847 1134 1908 duobus,

127 1948 205 2005 quae
220 1930 319 1982 suntin
333 1946 449 2006 recepta,
470 1932 604 2008 exemplis
613 1950 733 1988 utuntur
745 1931 861 2010 Virgilii
874 1932 951 1998 solie:
974 1932 1018 1989 sed
1027 1932 1135 1987 Probus
1168 1966 1171 1971 ·

129 2020 178 2091 (p.
193 2014 303 2069 Putsch.
324 2024 415 2088 1438)
431 2022 511 2090 aquai
523 2018 645 2091 itemque
659 2022 735 2072 aurci
750 2019 832 2087 (Aen.
850 2014 877 2075 6,
895 2021 968 2089 747)
984 2017 1069 2071 addit.

199 2099 229 2151 hi
242 2098 345 2173 Syllae.
386 2100 479 2155 Guels.
498 2104 530 2155 iis
547 2103 652 2177 syllae.
693 2101 788 2156 Turic.
804 2114 831 2154 et
845 2100 930 2154 Goth.
952 2100 1017 2169 (tec.
1035 2102 1134 2175 Gesu.)

126 2182 176 2237 sris
191 2184 305 2256 Syllae,
327 2202 414 2257 neque
431 2184 541 2239 sortasse
554 2187 585 2238 iu
597 2184 656 2240 ullo
671 2184 774 2243 Codice
788 2199 911 2258 recepte,
931 2202 1014 2257 quem
1029 2185 1135 2239 verissi-

126 2286 180 2321 mc
192 2268 350 2339 conjectura
365 2271 488 2343 reposuit
501 2270 615 2349 Regius.

182 2422 211 2472 iu
239 2420 366 2475 datiuum.
408 2422 545 2495 Equidem
572 2441 619 2477 ex·
657 2419 802 2483 dissolute,
827 2422 888 2475 sunt
904 2422 958 2478 usi.
988 2417 1134 2475 obliterate

132 2500 265 2575 emplum
286 2504 376 2559 dativi
398 2504 435 2560 ita
458 2508 572 2561 sormati
589 2509 619 2560 in
659 2508 730 2566 suut,
753 2506 862 2580 opinor,
878 2524 893 2557 e
907 2503 1027 2559 librarii·
1042 2523 1135 2559 recen·

130 2587 232 2663 poetis
254 2606 298 2642 me
319 2589 408 2669 legere
423 2612 479 2645 non
494 2592 618 2653 memini,
661 2591 727 2645 tieri
753 2590 854 2644 rationi
883 2588 1008 2648 assuetis,
1044 2608 1135 2660 neque

133 2689 206 2725 mm
222 2672 333 2727 Lueret.
348 2688 377 2741 5,
393 2690 450 2740 7²¹
468 2679 537 2749 pilai
552 2680 618 2733 Ceu·
659 2676 744 2729 metri
783 2673 935 2729 necessitate
973 2672 1133 2726 admonitis.

124 2754 373 2835 firuisemdubium
383 2760 418 2814 est
432 2759 538 2823 saltem:
555 2780 617 2814 cum
658 2761 783 2832 Antiqua
795 2760 927 2832 scriptura
942 2756 1025 2810 etiem
1041 2756 1071 2809 in
1085 2774 1135 2809 uo·

131 2839 278 2919 genitivi,
305 2844 459 2916 praesertim
475 2844 548 2918 apud
560 2848 617 2899 Lu·
657 2844 780 2897 minibus
796 2842 934 2900 obtinuit.
958 2838 1067 2913 Celsae,
1090 2842 1135 2893 Ai-

134 2924 277 2984 ernium,
312 2929 364 2982 sint
385 2929 539 2983 innumera.
583 2932 616 2981 ln
657 2931 718 2989 lius,
740 2946 807 3002 pro:
831 2923 937 3000 Caesar,
952 2926 1054 2981 Aesius.
1084 2925 1136 2980 Ni»

133 3006 280 3081 lapidibus
300 3029 357 3063 nun
377 3012 414 3065 est
433 3030 510 3067 rarus
525 3012 618 3065 dativi
658 3011 751 3089 gidiur
778 3010 892 3084 quidem
915 3008 1032 3087 Figulur
1060 3007 1135 3083 apud

135 3092 206 3147 tatis
228 3093 290 3147 usus
310 3096 369 3149 vid.
395 3098 477 3153 Grut.
500 3116 528 3171 p.
546 3108 615 3163 725.
659 3094 731 3151 Gell.
758 3094 886 3149 dativum
907 3094 937 3148 iu
959 3093 1013 3147 hoc
1034 3110 1136 3169 genere

136 3194 172 3231 ιι.
192 3196 238 3229 ιο.
260 3181 358 3234 calidas
380 3182 510 3235 Secundai
528 3185 615 3234 auetrs.
658 3179 796 3233 dirimire
812 3179 955 3257 genitivo,
984 3174 1065 3231 illum
1084 3194 1135 3250 per

134 3280 170 3337 p.
184 3274 253 3330 742.
271 3282 298 3316 n.
316 3280 343 3315 α.
378 3262 474 3341 Caffiei
488 3268 617 3319 nux-imai
657 3284 708 3325 ue,
726 3263 801 3317 huuc
815 3280 865 3337 per
880 3265 908 3316 ei
924 3260 1005 3316 scribi
1026 3260 1134 3331 juluuu.

135 3350 231 3404 matri.
295 3350 394 3421 Neque
430 3364 501 3423 puto
539 3364 617 3403 extra
662 3362 715 3415 13,
736 3361 784 3413 25.
828 3346 978 3401 Priscianus
994 3344 1044 3399 soli
1059 3348 1136 3421 geui-

132 3430 249 3485 versum
270 3434 426 3506 usurpatum
444 3435 496 3487 esse
515 3434 545 3485 in
566 3432 618 3487 hec
659 3432 721 3487 tivo
740 3432 855 3486 viderur
876 3429 1007 3508 allignme
1029 3434 1067 3483 οἱ.
1105 3450 1132 3502 p.

133 3512 239 3587 sylluba
259 3515 397 3578 diaeresin,
418 3519 526 3590 qualem
542 3516 616 3589 apud
658 3514 766 3569 Putsch.
782 3524 851 3583 728,
880 3514 914 3567 cs.
937 3514 1134 3569 deridemur

136 3608 235 3673 poetae
248 3600 362 3674 quidem
379 3601 617 3675 semperobserva·
657 3599 771 3661 Velium
800 3601 892 3677 Loug.
926 3618 953 3673 p.
983 3612 1074 3651 2222.
1104 3612 1133 3651 et

136 3700 234 3737 mue.-
271 3686 441 3759 Erythraeus
468 3689 497 3741 in
521 3687 616 3740 Indice
659 3685 782 3739 Marium
798 3682 934 3741 Victorin.
957 3680 1132 3756 [waldo-¹·

135 3766 296 3844 virgiliano
317 3780 401 3835 (voce
418 3777 513 3843 pictai)
535 3772 615 3825 disso-
656 3770 708 3842 qui
726 3768 835 3823 nullum
858 3768 950 3823 dativi
969 3782 997 3822 et
1014 3765 1134 3848 genitivi
1230 3772 1234 3787 ¹

134 3852 273 3909 lutionem
290 3855 360 3910 hauc
374 3858 456 3910 etiem
472 3858 503 3911 iu
519 3855 616 3930 lapidi·
656 3854 803 3908 discrimen
820 3855 978 3931 agnoscunt.

134 3938 190 3993 bue
207 3943 342 4017 agnoscit:
372 3960 428 4013 quo
450 3955 615 4019 argumento

135 4023 267 4097 equidem
290 4028 400 4102 ignoro.
459 4030 497 4079 Ee
520 4041 615 4079 etitem
695 4023 780 4098 pictai
797 4051 838 4084 -,-
854 4023 938 4075 ausui.
959 4023 1068 4095 siens),
1086 4016 1134 4073 26.

135 4108 278 4181 exeruplu‚
300 4110 347 4162 ubi
362 4129 424 4164 cum
440 4124 536 4183 poe-'tre
553 4126 615 4163 tum
657 4122 686 4177 5,
700 4118 769 4177 554.
798 4104 833 4159 cs.
850 4121 910 4161 not.
929 4104 1001 4163 crit.
1015 4106 1051 4159 ed
1068 4116 1137 4169 1252

134 4206 258 4247 oratores
272 4193 372 4268 syllaba
384 4200 413 4251 ci
427 4214 480 4270 pro
495 4216 536 4259 ee,
558 4212 616 4248 neu
660 4210 707 4261 ιγ.
730 4192 857 4264 Europaei.
