2596 4710
133 264 159 311 ι.
460 233 801 307 PRAEFATIO.

138 428 268 529 „cepit
288 449 337 501 ex
356 421 439 527 apta
459 425 590 501 canen
612 422 717 497 cun
738 418 1017 497 bibliotheca«
1042 396 1045 401 ’
1072 406 1142 499 'vi-

138 558 280 640 demui
304 576 435 639 autem
453 556 597 647 modo,
629 554 725 631 teste
749 556 1029 657 Sulzbergero‚
1057 564 1145 635 Tu·
1179 652 1182 657 Ι

139 703 272 779 ricum
293 698 528 773 translatum
549 688 625 779 ‚elle
649 691 820 781 librum,
870 692 992 785 hujus
1018 691 1144 771 seculi

138 838 270 913 initio.
327 836 384 907 Ita
403 828 570 930 pulchre
589 828 839 903 comeniunt
862 829 1008 903 omnia.
1066 828 1144 905 Sed

96 996 100 1005 ·
196 1056 199 1061 ¹
228 985 266 1044 at
300 964 452 1041 summa
487 960 674 1038 Bandinii
711 963 920 1037 auctoritas
958 961 1144 1053 testantis,

177 1102 334 1179 odicem
363 1101 481 1175 illum
515 1098 714 1196 aPoggio
747 1097 960 1170 inventum
997 1096 1145 1174 servari

139 1242 185 1314 in
211 1239 358 1338 pluteis
379 1230 630 1308 Florentinis.
690 1231 836 1327 Neque
859 1232 969 1307 enim
988 1232 1145 1309 dubitat
1185 1226 1192 1243 '

141 1375 241 1474 quin
265 1372 333 1446 hic
355 1364 438 1466 ipse
458 1364 521 1452 sit,
555 1388 676 1463 quem
698 1362 871 1439 recenset
888 1367 935 1441 in
954 1368 1143 1469 Catalogo

141 1504 341 1585 Codicum
373 1503 609 1577 Latinorum
646 1497 910 1577 bibliothecae
938 1502 1144 1579 Mediceae
1181 1554 1185 1565 ·

139 1638 426 1715 Laurentianae
454 1640 501 1711 T.
524 1656 559 1705 2.
589 1658 627 1732 p.
645 1650 740 1721 562.
784 1636 916 1711 Miror
933 1651 1061 1710 tamen
1085 1642 1145 1711 vi·

140 1797 236 1848 rum
261 1768 523 1846 doctilsrmum
548 1770 703 1843 nullam
726 1766 855 1843 facere
877 1770 1032 1845 itineris
1057 1775 1145 1846 Ma-

139 1905 372 1995 billoniani,
401 1907 445 1980 in
464 1930 593 2003 eoque
611 1906 753 2007 illius,¹
776 1930 899 2004 quem
923 1903 1047 1979 modo
1071 1931 1145 2003 po·

139 2040 221 2133 sui,
248 2042 331 2120 loci
354 2042 612 2116 mentionem.
671 2042 780 2144 Quin
802 2042 911 2114 enim
937 2039 1143 2115 undecimi

137 2166 263 2252 seculi
291 2178 401 2272 (nam
419 2179 504 2266 ejus
523 2177 713 2275 temporis
728 2170 801 2247 else
821 2172 969 2273 statuit)
990 2176 1142 2251 librum

139 2326 180 2385 et
202 2312 428 2411 exemplum
449 2308 650 2400 eiusdem,
689 2306 968 2409 transcriptum
991 2310 1142 2407 quinti·

139 2444 288 2521 decimi
306 2441 428 2518 seculi
445 2444 575 2533 initio,
603 2445 728 2544 probe
750 2442 978 2543 dignoscere
999 2460 1140 2544 potue·

138 2583 193 2657 rit
209 2578 446 2667 Bandini'us‚
479 2604 599 2654 nemo
630 2578 837 2653 dubitabit.
895 2580 1052 2655 Nititur
1072 2606 1141 2654 au-

43 2770 47 2779 ·
135 2728 222 2790 ‘tem
251 2713 487 2791 Clarillnnus
509 2714 839 2789 Bibliothecarius
869 2717 1021 2815 magnis
1048 2739 1141 2813 pro·

138 2848 244 2925 secto
269 2848 507 2925 auctoribus.
566 2851 747 2925 Primum
769 2850 918 2949 Poggio
940 2846 1039 2948 ipso,
1068 2846 1142 2946 qui

140 2986 262 3061 variis
293 2984 338 3057 in
365 2982 464 3059 locis
499 2985 654 3085 (neque
683 3000 815 3061 tamen
847 3006 892 3059 ea
922 2982 1141 3059 Bandinius

140 3114 341 3219 apposuit,
369 3142 499 3218 neque
526 3121 686 3219 citavit)
716 3121 961 3219 archetypon
979 3119 1142 3225 Quinti·

139 3253 239 3327 liani
271 3254 318 3327 in
352 3252 634 3329 bibliothecam
662 3252 798 3331 Cosmi
823 3252 1000 3329 Medicei
1027 3257 1066 3327 P.
1098 3256 1139 3327 P.

139 3381 252 3461 fuisse
280 3386 438 3464 illatum
457 3388 636 3465 testetur:
675 3388 833 3465 Deinde
848 3388 1045 3488 Raphaele
1062 3390 1143 3460 Re·

140 3521 226 3618 gio,
270 3524 343 3620 qui
366 3522 463 3597 haec
494 3523 598 3600 dicat
619 3526 664 3599 in
691 3524 796 3600 libro
820 3522 1028 3624 inscripto:
1091 3525 1142 3597 In

139 3654 320 3729 ducentas
365 3658 595 3769 Quintiliani
638 3661 938 3757 depravationes
977 3660 1141 3733 ducenta

135 3784 385 3864 Problemata
414 3790 521 3869 edito
551 3794 702 3868 Patavii
726 3806 845 3890 1491.
889 3793 1023 3882 „Mihi
1039 3818 1136 3868 vero

135 3918 399 4023 „astipulatur‚
428 3926 632 4005 vetustum
649 3927 755 4004 illud
775 3930 990 4031 exemplar,
1025 3928 1136 4006 unde
