2596 4710
238 378 308 452 500
474 314 999 450 tlt.ttu.qurNT1L1ANt

237 549 360 623 altero
376 545 628 633 credibilius,
652 544 696 619 id
713 546 751 618 ei
769 538 1101 631 contrutinet,
1129 538 1243 642 quod

196 662 324 741 abfuit
338 662 536 736 credibile.
595 662 701 733 Nam
717 675 764 735 ut
777 656 946 733 candido
962 656 1184 746 candidius,
1206 672 1246 732 et

240 778 352 853 dulci
373 776 531 851 dulcius
551 799 635 850 non
656 773 712 848 est
734 771 962 859 adversum,
992 775 1048 848 ita
1061 798 1137 848 nec
1153 798 1247 873 pro·

240 893 364 966 babili
397 892 655 990 probabilius.
720 892 808 964 Nec
842 890 1034 991 praecipit
1065 912 1246 988 unquam

240 1033 323 1083 non
340 1005 520 1091 dicenda,
545 1028 619 1080 nec
634 1004 813 1081 dicendis
829 1007 1036 1091 contraria,
1057 1000 1126 1077 sed
1144 1026 1245 1104 quae

195 1123 474 1220 56in'quaque'
494 1117 605 1195 caula
625 1119 793 1195 dicenda
814 1114 915 1195 lunt.
970 1120 1073 1193 Non
1094 1115 1248 1219 semper

243 1251 395 1323 autem,
425 1232 573 1310 etiamst
587 1232 912 1334 frequentiffime,
939 1232 1086 1308 tuenda
1103 1234 1248 1309 verius

243 1351 339 1424 erit:
371 1346 439 1425 sed
460 1349 675 1448 aliquando
700 1351 822 1448 exigit
845 1349 1069 1432 communis
1087 1348 1251 1437 utilitas,

243 1480 290 1539 ut
321 1467 439 1537 etiarn
466 1462 560 1538 falla
587 1462 863 1539 defendantur.
931 1469 1146 1539 Ponuntur
1175 1462 1248 1539 hae

243 1603 409 1677 quoque
426 1579 469 1650 in
489 1576 663 1655 secundo
679 1581 883 1655 Ciceronis
898 1578 949 1653 de
967 1594 1123 1654 oratore
1135 1578 1251 1661 libro

243 1691 596 1781 contradictiones,
638 1692 791 1771 Artem.
820 1714 954 1769 earum
993 1719 1122 1769 rerum
1160 1684 1258 1807 effe,

243 1835 344 1906 qrrae
357 1800 560 1914 sciantur:
593 1812 762 1884 oratoris
785 1835 931 1883 omnem
958 1814 1145 1883 actionem
1169 1812 1249 1907 opi·

242 1926 375 2010 itione,
405 1949 480 1997 non
484 1915 524 2031 s
516 1927 652 1997 cientia
667 1927 849 1999 contineri
854 1952 868 2017 ,·
899 1929 992 2024 quia
1009 1940 1047 1997 et
1061 1924 1174 2022 apud
1187 1934 1292 2001 eos¹ll

244 2038 369 2127 dicat,
404 2041 472 2137 uui
503 2032 692 2147 nesciant,
730 2054 769 2114 et
796 2030 880 2147 ipse
903 2040 1007 2114 dicat
1029 2039 1249 2139 aliquando,

202 2157 355 2251 37quod
370 2148 522 2260 nesciat.
582 2160 639 2228 Ex
656 2154 720 2228 his
737 2154 922 2243 alterurn,
942 2154 983 2228 id
1002 2152 1076 2242 est,
1095 2180 1147 2229 an
1160 2151 1250 2229 sciat

246 2268 380 2360 judex,
399 2266 545 2365 dequo
564 2268 728 2356 dicatur,
741 2268 846 2343 nihil
859 2268 910 2343 ad
926 2270 1092 2344 oratoris
1110 2285 1251 2344 artem:

247 2383 360 2454 alteri
378 2378 713 2479 respondendum.
763 2384 871 2472 „Ars
889 2409 1022 2458 ennam
1036 2409 1167 2459 rerum
1183 2376 1252 2490 est,

246 2524 371 2595 „ann
378 2490 569 2607 sciuntur.
600 2498 839 2575 “Rhetorice
855 2524 915 2577 ars
931 2498 987 2573 est
1000 2500 1103 2576 bene
1119 2500 1251 2577 dicen·

310 2743 499 2820 defendantur.
542 2746 636 2804 euett.
657 2745 788 2821 defendat
808 2769 872 2806 cum
895 2747 1023 2825 pluribus
1039 2748 1131 2806 Codd.
1147 2764 1176 2806 et
1191 2746 1250 2804 edd.

247 2845 356 2906 praeter
378 2846 543 2885 memoratae
566 2834 652 2887 Tarv.
676 2836 775 2888 Vcnet.
818 2835 956 2906 Equidem
975 2854 1097 2889 errorem
1117 2850 1203 2909 puto,
1226 2845 1251 2887 et

247 2913 402 2968 manil'cstne
425 2916 558 2993 originieg
587 2934 746 2990 quanquam
776 2917 863 2994 potest
891 2918 1040 2992 explicari,
1069 2916 1250 2997 intelligendu

247 2998 433 3060 „rhetorice.“
599 3002 672 3076 quod
691 3000 759 3076 nese.
804 3003 889 3058 Goth.
915 3017 942 3056 et
962 3005 1034 3061 Jent.
1056 3004 1130 3072 (tac.
1153 3004 1248 3070 Gelu.)

248 3104 315 3152 qnae
333 3082 402 3157 nest.
419 3103 483 3137 cnm
498 3085 574 3142 Voll'.
591 3100 618 3139 2.
640 3100 668 3137 ct
689 3085 785 3139 nuiltie
800 3086 861 3142 edd.
880 3102 912 3141 ut
927 3102 956 3139 et
968 3090 1053 3141 Tarv.
1069 3090 1141 3141 Van.
1155 3086 1250 3161 eripio

249 3169 385 3223 Cicerone
407 3168 467 3220 vid.
485 3184 544 3221 not.
561 3188 605 3223 ex.
653 3168 736 3247 erod
751 3185 860 3247 ecquae
877 3172 951 3244 saepe
967 3171 1180 3225 confunduntur
1195 3168 1249 3225 virt

249 3250 390 3307 Drakenb.
406 3250 438 3303 od
452 3253 520 3306 Liv.
539 3266 588 3319 37,
604 3266 654 3321 35,
670 3270 699 3315 5.
722 3254 756 3307 cf.
774 3257 807 3309 nd
822 3270 850 3315 2,
871 3271 916 3317 17,
936 3269 973 3322 30
992 3256 1041 3310 hoc
1057 3271 1083 3308 et
1098 3257 1172 3310 baec.

312 3355 402 3388 earum
423 3356 509 3388 rurum
533 3334 581 3410 ost.
626 3336 712 3390 Goth.
734 3337 807 3408 (tae.
833 3340 927 3414 Gelu.)
949 3338 1126 3420 negligenter
1149 3336 1250 3395 omittit

249 3437 351 3478 rerum,
374 3417 463 3480 solut,
483 3435 619 3493 qnantum
634 3420 729 3477 video.

291 3603 348 3657 Noc
382 3608 522 3679 praecipit.
586 3606 731 3687 Intellige:
774 3608 898 3670 ..reinna
925 3623 953 3664 et
975 3628 1006 3665 en
1026 3608 1164 3674 dicimus,
1187 3624 1251 3685 qut·

247 3684 438 3745 ..rhetor-icen·
773 3695 927 3754 „nescimus
943 3694 1021 3770 ipur·
1056 3692 1252 3751 Antoniuelo·

211 3780 214 3785 ·
290 3773 317 3823 a.
327 3769 382 3842 s...
398 3801 439 3813 -
455 3773 533 3829 niro.
573 3792 596 3829 c.
615 3790 641 3842 7.
658 3777 731 3837 „Aa
773 3780 880 3853 qum.
1246 3770 1257 3797 ⁴

247 3853 341 3910 ..eninr
365 3874 577 3912 rerumrerum
602 3859 731 3933 estqnae
815 3865 867 3917 Ars
882 3893 923 3906 —
935 3862 1068 3938 sciuntur.
1112 3858 1251 3920 ttevooevi

247 3936 411 3995 „lcinntnrt
469 3942 588 3997 oratorie
635 3960 727 3999 eutem
770 3947 968 4002 diremtionern
1011 3946 1250 4003 vetustillimamm

246 4022 357 4080 „omnis
371 4022 444 4077 actio
457 4025 648 4097 opinionibus,
670 4048 728 4084 non
770 4031 937 4093 editionum,
951 4052 1035 4106 quam
1052 4050 1080 4086 et
1099 4034 1253 4111 Cappeross·

247 4105 382 4165 ..scientim
400 4108 569 4164 continetur.
610 4114 684 4168 Nem
700 4130 729 4170 et
770 4117 865 4171 uerius
887 4116 976 4171 luber.
1023 4116 1119 4172 Ceteri
1148 4130 1251 4172 comme

246 4187 336 4262 ..apud
366 4208 412 4243 eor
442 4190 576 4251 dicimus.
605 4198 654 4269 qui
683 4220 728 4255 ne-
769 4216 879 4276 ponunt
896 4218 959 4259 ante
973 4202 1025 4257 Ars
1040 4214 1094 4256 cct-
1138 4202 1253 4278 &dp
