2596 4710
165 346 210 396 ιο
371 317 375 324 ’
408 321 464 393 NL
487 321 587 390 FAB.
614 312 927 414 QUINTILIANI

162 513 312 589 diendo
340 527 431 587 nato
451 528 545 600 tuo,
583 516 695 601 cujus
719 509 846 607 prima
872 519 971 581 aetas
995 500 1193 587 monife-r

161 627 266 704 stum
282 632 357 702 iter
372 608 422 701 ad
438 629 591 725 ingenii
614 628 753 700 lumen
774 620 963 711 ostendit,
991 649 1074 697 non
1104 625 1168 697 in·

161 747 280 819 utiles
304 741 391 818 fore
406 744 501 817 libri
516 742 776 828 videbantur,
807 762 906 837 quos
921 738 969 812 ab
992 736 1084 838 ipsis
1103 738 1168 812 di-

74 951 76 954 ,
161 859 280 943 cendi
313 860 427 933 velut
462 858 732 944 incunabulis,
771 880 842 956 per
873 880 1030 942 omnes,
1063 880 1169 953 quae

159 975 283 1050 modo
304 973 458 1071 aliquid
474 976 621 1061 oratori
638 972 778 1051 futuro
796 967 1021 1056 conferant,
1052 985 1166 1059 artes,

159 1088 210 1162 ad
235 1086 428 1163 sumnam
448 1095 533 1183 eius
557 1089 688 1189 operis
701 1085 919 1187 perducere
947 1084 1168 1160 destinaba-

132 1228 270 1299 71nus3
301 1219 419 1302 atque
434 1230 482 1279 eo
502 1207 637 1303 magis,
664 1202 778 1302 quod
797 1203 880 1277 duo
902 1207 981 1295 jam
1001 1198 1076 1276 sub
1090 1226 1168 1277 no-

157 1321 269 1395 minc
296 1345 388 1395 meo
414 1319 508 1392 libri
535 1318 765 1394 ferebantur
802 1319 894 1393 artis
930 1316 1166 1406 rhetoricae,

157 1459 290 1532 neque
317 1434 416 1507 editi
442 1459 463 1505 a
485 1459 571 1524 mc,
599 1459 731 1534 neque
755 1436 799 1509 in
827 1435 902 1508 lroc
935 1432 1164 1530 comparati.

157 1549 346 1648 Namque
361 1550 550 1639 alterum,
580 1548 759 1626 sermone
776 1574 848 1649 per
867 1546 1041 1623 biduum
1049 1547 1165 1622 habi-

103 1704 110 1721 '
220 1730 294 1769 nato.
337 1714 449 1790 Negant
458 1728 550 1767 uatum
570 1715 692 1787 prosilio
706 1713 901 1786 abaliiequam
912 1710 1086 1775 Poe'tiadic53
1109 1714 1166 1767 tte·

158 1798 243 1885 glum
257 1814 349 1850 cutem
367 1798 396 1850 in
412 1798 466 1852 [uis
481 1799 514 1850 ad
531 1799 736 1871 Quintilianum
754 1799 936 1872 problematis
953 1797 1089 1869 (Dialogo
1108 1798 1166 1851 fin·

157 1870 246 1936 dubio
264 1883 368 1959 dequilr
362 1883 463 1937 ›usdam
481 1884 641 1960 Quintiliani
659 1885 781 1941 lodov
754 1885 882 1940 venetiis
895 1892 972 1954 ¹490
987 1881 1086 1947 edito)
1104 1900 1165 1937 me·

156 1984 267 2020 morare
289 1966 428 2027 codicem,
452 1967 501 2020 ubr
519 1968 606 2021 Gerae
622 1967 727 2021 viderit
742 1986 794 2041 pro
814 1985 887 2028 nato,
909 1967 993 2020 refert
1018 1965 1163 2023 Pithoeut·

156 2042 284 2106 Debebo
298 2050 387 2104 saltem
398 2069 448 2124 pro
461 2053 547 2105 Getae
563 2050 644 2105 scribi
661 2051 754 2111 Gallo,
776 2053 851 2124 quod
869 2050 978 2105 tortaffe
992 2066 1163 2125 corruptum

155 2135 249 2191 fuerit.
260 2136 289 2188 in
296 2152 399 2209 gnaro,
421 2152 494 2190 nato.
539 2135 575 2188 cf.
595 2155 624 2190 v.
648 2155 671 2189 c.
694 2135 751 2190 Cic.
767 2136 799 2189 ad
817 2138 886 2190 Div.
908 2157 933 2195 ι,
951 2152 979 2207 9.
1004 2124 1086 2191 [ont.
1103 2154 1161 2192 tuo.

155 2221 223 2273 nost.
242 2220 269 2274 6.
302 2224 426 2273 Prooem.
444 2239 472 2293 9.
506 2219 561 2297 Qu.
581 2224 640 2274 mei.
683 2221 713 2274 Si
734 2219 807 2273 ullus
835 2222 906 2275 eod.
928 2222 1081 2292 praeferret
1098 2221 1164 2282 hoc,

154 2323 239 2359 nemo
254 2303 333 2357 facile
351 2304 540 2367 contemserin
571 2322 732 2377 quanquam
749 2303 782 2358 de
799 2306 850 2359 ulu
862 2304 912 2360 illo
932 2302 982 2359 τοῦ
998 2322 1076 2361 natus
1092 2324 1165 2361 non·

155 2389 208 2442 nisi
224 2389 335 2462 poetico
352 2406 408 2440 non
426 2388 462 2441 est
476 2389 598 2441 confecta
615 2408 668 2443 res.

170 2504 173 2511 ·
218 2471 388 2545 muifbstum
401 2476 452 2527 iter
466 2473 504 2526 ad
520 2476 619 2545 ingenii
642 2476 739 2529 lumen.
781 2475 850 2531 Non
864 2472 921 2525 fuit
938 2471 1115 2530 oblervatunr
1131 2475 1164 2529 in

154 2556 256 2612 Aldina
281 2556 396 2610 rectruda
417 2558 573 2630 diligentius
598 2564 749 2632 recognita,
771 2574 805 2614 ut
829 2558 949 2632 praefert
972 2559 1071 2614 titulus
1095 2560 1166 2617 anni

127 2677 134 2691 .
158 2653 247 2709 1521,
272 2640 341 2694 effe:
361 2638 531 2716 muifestum
542 2644 601 2711 jam
617 2647 716 2717 ingenii
732 2645 829 2703 Ιιιιιιιιι,
851 2662 915 2697 cum
931 2643 1071 2719 inpriore
1096 2646 1165 2702 anni

156 2728 415 2799 1514fitrecepta.
459 2729 491 2779 In
506 2725 695 2780 Alniclovenii
714 2728 817 2782 Codice
830 2728 928 2782 itidem
946 2751 980 2783 m.
1004 2733 1105 2804 ingenii
1121 2732 1163 2786 lu·

153 2830 213 2862 utcu
229 2810 330 2863 ornillo
349 2814 398 2864 iter
413 2811 464 2869 cd,
486 2810 530 2864 [ed
549 2814 658 2878 etjam,
678 2812 756 2884 quod
781 2832 834 2887 pro
852 2831 885 2866 eo
902 2814 937 2867 el't
953 2813 1026 2888 apud
1043 2813 1161 2871 Aldum.

151 2894 286 2965 Apertior
318 2895 377 2949 lanc
404 2909 431 2947 ct
457 2893 606 2967 simplicior
627 2898 757 2950 sententia
781 2900 836 2951 sure
861 2897 934 2951 istis:
967 2903 1017 2952 iter
1037 2899 1091 2960 ad,
1113 2898 1159 2955 led

150 2994 317 3056 praegravat
341 2980 488 3032 auctoritas
514 2994 542 3032 ct
564 2999 697 3034 uumerus
720 2981 808 3037 codd.
835 2997 862 3035 et
879 2986 1051 3037 excusorum.

112 3052 118 3063 ’
215 3063 327 3116 dicendi.
373 3064 510 3134 inhujus
533 3065 610 3118 vocis
627 3067 761 3121 varietate
783 3067 902 3119 notanda
926 3088 1023 3140 operae
1041 3068 1160 3127 Gibloni

150 3145 286 3200 videntur
302 3148 407 3201 crross'e.
453 3150 525 3202 Cum
541 3149 614 3202 eninr
633 3152 664 3202 fit
680 3150 709 3202 in
726 3152 784 3220 ejus
803 3164 899 3209 textu,
922 3153 997 3223 quod
1016 3154 1045 3205 in
1070 3156 1161 3209 omni·

151 3228 203 3284 bus
226 3231 284 3284 fere
305 3247 367 3285 ante
391 3252 473 3286 curu:
495 3235 531 3287 di
532 3256 577 3285 eu
580 3234 613 3292 b
636 3249 764 3306 excerpit
780 3236 810 3286 in
827 3250 952 3288 extremo
970 3239 1159 3316 morginepo·

150 3316 316 3369 luciterum
334 3316 467 3370 exhibent
489 3318 531 3371 ‹lic
519 3340 574 3371 cren
565 3318 610 3376 ‹‚li
633 3333 665 3371 ut
684 3318 826 3391 probabile
844 3321 905 3379 fiat,
928 3340 992 3373 eum
1012 3324 1091 3397 supra
1106 3342 1160 3379 vo·

149 3396 229 3454 luisse
251 3400 315 3454 dore
340 3400 465 3475 discendi.
509 3403 643 3455 Poltcrius
662 3401 743 3455 hubct
768 3404 911 3457 Gellianus
926 3421 967 3464 et,
990 3407 1040 3460 nili
1065 3406 1159 3470 fallor,

149 3483 294 3543 Vollranut
311 3487 388 3539 locun
392 3486 458 3545 lus
481 3506 639 3560 quanquam
662 3487 734 3560 apud
760 3490 856 3541 llurm.
876 3489 914 3540 ita
933 3489 1081 3546 scribitur.-
1102 3492 1159 3569 ‹lis-

149 3587 194 3620 ceu
197 3568 233 3627 di,
256 3569 442 3625 diccncliloll.
461 3572 507 3623 sec.
530 3591 593 3627 cum
612 3585 701 3625 tamen
719 3573 1024 3645 ilibereceperitllurm.
1042 3576 1159 3639 dicendi,

148 3650 249 3724 inquo
269 3670 390 3705 errorem
408 3655 569 3728 typothetae
579 3657 622 3708 lul
619 3657 728 3728 picatur
738 3658 793 3711 Ges
790 3674 882 3711 uerus.
926 3662 964 3713 Ut
982 3660 1092 3715 credam
1102 3663 1158 3740 dis-

189 3787 261 3840 ad
251 3791 351 3860 ingenii
371 3789 467 3841 lumen.
512 3789 554 3843 Ad
579 3789 635 3843 clo·
668 3791 817 3864 „uriipfiuc
835 3793 922 3848 lumen
937 3795 972 3848 est
992 3799 1157 3873 eloquentia.

147 3872 309 3943 quentinn3
340 3876 459 3946 appolite
481 3873 556 3927 euim
583 3878 634 3927 lle·
662 3878 703 3928 Et
729 3890 820 3948 potest
842 3877 936 3931 videri
959 3900 991 3933 eo
1010 3902 1038 3935 rc
1042 3884 1157 3956 spexille

147 3955 211 4031 gius
236 3956 301 4007 cirot
324 3956 467 4011 Ciceronis
490 3957 609 4011 lociuu'
601 3979 631 4011 ιιι
666 3959 875 4032 Quintilianus,
898 3965 986 4017 srnro
988 3967 1015 4019 lo
1040 3969 1102 4026 sana
1119 3971 1156 4029 est

145 4041 238 4092 Bruto
255 4056 277 4092 c.
301 4054 378 4106 15.‚
379 4044 428 4100 ,Ut
444 4042 521 4095 enirn
538 4043 631 4097 homi·
664 4043 737 4119 apud
751 4045 844 4127 ipsum
859 4048 1001 4126 scriptura

145 4122 190 4177 nis
206 4124 306 4186 decus,
327 4125 490 4204 ingenium.
511 4131 630 4206 tuing-c
