2596 4710
133 284 255 337 xxxvi
468 257 804 335 Pataram-0.
893 284 899 296 1

25 422 34 443 ³
139 451 292 534 Consul
311 473 397 528 non
419 444 543 528 fuerit
567 438 736 536 creatus,
771 445 870 520 alter
883 453 1016 522 autem
1031 446 1142 522 Con·

80 590 88 603 ‘
141 587 284 666 salaria
299 584 466 686 quidem
483 599 712 660 ornamenta
729 583 940 681 acceperit,
960 579 1049 656 ted
1071 605 1143 657 ue·

141 748 223 825 que
240 718 464 822 Augustum
480 716 713 805 instituerit,
746 740 880 816 neque
896 741 1017 793 verus
1035 718 1144 794 Con·

107 930 109 933 .
143 855 205 935 sul
220 854 352 932 fuerit
414 859 649 960 Quanquam
665 848 807 926 residet
825 851 957 951 aliqua
974 847 1144 925 difficul-

142 1007 200 1068 tas
228 993 274 1065 in
306 985 388 1064 istis
411 987 600 1065 Ausonii:
641 979 859 1094 „Caesares
888 982 1146 1061 docebantur‘

141 1124 211 1203 sed
241 1123 425 1222 ambigua
453 1115 608 1197 fortalle
638 1117 693 1192 est
724 1121 851 1194 oratio
875 1143 897 1191 a
920 1108 1183 1196 calamistria'''

142 1261 193 1337 iis
214 1258 468 1361 quibusoam
481 1251 614 1333 inuffit
630 1247 829 1330 affectator
850 1252 1115 1355 eloquentiae.

254 1532 314 1605 Ex
334 1496 521 1628 Hispania
549 1528 720 1601 Romam
746 1521 893 1602 veniffe
919 1521 1049 1601 fertur
1072 1549 1150 1602 no·
1191 1498 1193 1503 Ι

144 1663 222 1744 ster
250 1665 295 1738 in
329 1661 532 1739 Chronico
561 1660 793 1738 Eusebiano.
865 1662 946 1739 Cui
981 1658 1150 1760 quidem

11 1860 14 1865 .
145 1796 365 1876 narrationi
394 1793 634 1873 Dodwellus
658 1795 774 1873 docet
799 1797 976 1874 multum
995 1792 1167 1895 ponde··

50 1960 54 1968 ·
147 1936 203 2009 rie
217 1929 401 2007 accedere
422 1929 519 2005 inde
537 1931 650 2030 quod
662 1930 847 2009 videatur
862 1933 1172 2030 Hieronymuaae

73 2112 79 2135 ι
107 2138 112 2161 ,Ι
148 2066 342 2145 Chronici
357 2067 495 2141 Graeci
508 2067 721 2166 interpres,
751 2064 819 2141 sua
835 2065 885 2140 de
898 2065 1150 2173 Quintiliano

147 2197 310 2278 haufiffe
323 2225 380 2274 ex
405 2197 492 2300 ipso
515 2202 731 2283 Suetonio·
755 2204 918 2277 Monet
939 2201 1049 2277 euim
1070 2198 1150 2275 hoo

151 2334 293 2411 diserte
312 2338 356 2408 in
372 2331 614 2434 praefatione
631 2337 763 2435 operis
775 2333 1013 2412 doctissirnus
1028 2333 1152 2409 eccle·

80 2482 83 2487 '
149 2467 226 2546 fiae
248 2485 371 2570 pater,
401 2473 445 2543 in
466 2471 585 2545 rebus
603 2471 795 2547 Romanis
816 2467 959 2548 auxisse
976 2468 1016 2544 se
1035 2490 1151 2569 opus,

151 2603 266 2707 quod
287 2619 477 2692 verteret,
515 2602 653 2689 ,usum
678 2607 861 2681 Suetonii
886 2608 1004 2680 etiam
1025 2604 1150 2679 libris.

150 2744 233 2823 lam
249 2737 383 2813 indice
401 2740 531 2839 operis
552 2732 786 2815 saeto'niani
808 2739 860 2814 de
884 2741 996 2815 claris
1019 2739 1154 2814 rheto-

150 2876 284 2962 ribus,
324 2854 398 2974 qui
420 2899 505 2948 non
529 2873 675 2973 exiguo
701 2875 906 2950 literarum
938 2871 1154 2950 commodo

150 3007 326 3085 servatus
342 3005 414 3097 est,
442 3033 536 3084 cum
555 3005 678 3108 ipsius
696 3008 790 3083 libri
810 3004 969 3086 nonnisi
985 3009 1157 3109 paucula

95 3146 104 3163 “
150 3143 372 3246 fragmenta
392 3141 443 3217 ad
466 3167 544 3246 nos
566 3145 844 3242 pervenerint,
881 3143 960 3219 hoc
989 3145 1158 3244 inquam

152 3278 287 3354 indice
317 3293 500 3379 apparet,
545 3278 665 3351 etiam
692 3281 749 3352 M.
772 3279 883 3352 Fabii
915 3278 1158 3384 Quintiliani

154 3415 278 3496 vitam
290 3387 473 3514 scriptam
492 3407 665 3488 fuilsein
679 3408 754 3488 isto
770 3437 891 3513 opere
908 3439 930 3487 a
944 3411 1160 3511 Tranquil-

153 3545 208 3621 lo.
280 3551 433 3622 Tantus
464 3532 602 3625 auetor
632 3544 747 3622 facile
776 3564 1006 3649 praegravat
1037 3545 1161 3646 quid-

154 3678 256 3780 quid
284 3694 420 3754 contra
450 3681 518 3755 vel
548 3707 569 3755 a
601 3683 887 3758 recentioribus
917 3682 1067 3759 dicitur
1090 3683 1161 3759 vel

156 3821 382 3910 conjectura
423 3815 576 3914 alioqui
618 3813 708 3893 latis
748 3807 948 3916 probabili
989 3818 1159 3904 eruitur.

154 3951 254 4049 Non
276 3948 342 4056 est
372 3947 599 4027 audiendus
631 3951 756 4050 igitur
789 3977 1017 4054 anonymus
1050 3954 1163 4030 vitae
