2596 4710
231 314 305 392 ²74
424 376 430 385 ,
471 298 1006 393 numennumen·
1086 396 1090 405 Ι

228 502 362 591 peret:
400 486 498 567 item
516 448 619 573 crint,
651 484 853 583 sitenzpns
872 482 1135 586 significaret}
1161 512 1238 587 per

228 632 267 705 q.
296 630 333 678 u.
365 628 399 677 ο.
430 626 503 693 m.,·
546 596 792 687 ficomitem,
831 626 904 703 per
931 628 952 675 c
980 627 1024 675 ac
1054 601 1152 678 duas
1176 600 1238 676 se-

205 732 411 822 equentes,
441 714 686 790 scriberetur.
743 716 968 816 Frigidiorn
981 717 1046 793 his
1063 718 1158 805 alia,
1187 732 1237 793 ut

294 887 358 938 item
371 900 439 936 cum.
480 880 576 935 Turic.
590 876 719 935 etGucls.
737 882 849 955 itemque
864 900 931 935 cam.
953 882 995 934 stu
1007 878 1135 955 plerique
1145 880 1235 936 Codd.

231 981 258 1024 et
273 966 334 1024 edd.
349 979 412 1020 ante
427 962 538 1039 Gryph.
555 980 668 1023 omnes,
689 982 780 1037 neque
794 979 851 1019 erut
866 966 1098 1039 operaepretium
1115 982 1235 1021 mertare.

293 1072 376 1126 perq.
385 1070 412 1103 a.
423 1069 491 1103 our.
504 1077 546 1091 -
555 1046 697 1123 sequentes
704 1046 874 1122 scriberetur.
898 1051 939 1100 sta
954 1046 1136 1121 planesiuels.
1145 1049 1236 1105 Gotlt.

229 1138 298 1209 (tec.
314 1130 410 1209 Geso.)
422 1131 527 1209 puriter
541 1150 605 1186 curn
620 1150 654 1185 eo
669 1130 777 1185 omittit
787 1130 892 1208 sivero
907 1132 1015 1207 causam
1028 1154 1078 1205 per·
1090 1156 1106 1208 q
1123 1146 1151 1187 et
1165 1152 1236 1187 mox

231 1242 251 1276 u
268 1241 305 1280 u„
324 1234 446 1292 quornm
463 1232 615 1289 utrumque
629 1214 695 1269 dant
711 1215 877 1271 omnesedd.
893 1216 1046 1291 aGrypliio
1059 1214 1134 1271 iude.
1155 1218 1235 1277 Vett.

230 1304 346 1379 quidem
356 1319 481 1357 mearum
495 1298 581 1361 nnlln,
602 1299 646 1355 sed
656 1319 753 1355 omnen
768 1300 901 1367 (utJens,
912 1314 963 1353 tac.
973 1302 1068 1369 Geso.)
1079 1304 1128 1355 sic:
1151 1322 1236 1377 ρης.

225 1388 390 1466 [ιεοιηίιεηι
403 1406 481 1459 perc.
504 1386 533 1439 Si
546 1403 609 1439 vero
623 1405 703 1458 quum
714 1406 795 1459 perq.
812 1406 843 1438 ac
853 1386 922 1438 duas
931 1382 1071 1459 sequentes
1086 1404 1112 1438 u.
1128 1406 1156 1439 er.
1166 1383 1236 1461 seri-

232 1473 346 1527 berernr.
368 1470 500 1543 Apparet,
515 1486 551 1523 ex
562 1467 613 1522 luc
627 1482 683 1521 tarn
692 1468 860 1542 praepostera
876 1468 1007 1542 scripture
1020 1466 1244 1523 uilissimorum--

231 1568 295 1621 turn
304 1555 354 1607 nisi
362 1550 468 1627 causam
477 1570 625 1627 proquam,
647 1568 674 1606 et
686 1552 715 1605 id
730 1553 844 1625 quidem
853 1555 908 1607 siue
923 1552 983 1607 nilo
990 1566 1112 1607 auctore.
1149 1548 1235 1627 Quod

232 1650 422 1695 commentum
438 1638 483 1689 cui
498 1635 639 1696 debeatur,
655 1634 780 1689 noudum
793 1636 919 1691 invenio.
963 1636 1069 1715 Regius
1082 1636 1159 1691 enim
1174 1656 1235 1691 non

232 1722 331 1777 diserte
351 1720 501 1795 proponit,
526 1723 572 1773 ersi
589 1737 623 1774 eo
638 1720 728 1774 tendit
745 1720 803 1774 sere
823 1720 883 1793 ejrn
898 1734 974 1775 nota.
1014 1724 1076 1781 Jnn
1091 1719 1235 1795 triplicem

230 1808 307 1861 isirrn
322 1804 529 1883 significationis
542 1800 659 1859 ruitum
673 1804 885 1865 distinctionem,
900 1804 956 1858 soh
968 1802 1048 1857 nobie
1056 1804 1165 1879 peperit
1172 1806 1237 1860 Cri·

232 1892 354 1945 ticornrn
372 1888 506 1943 sedulitas.
548 1886 640 1943 Facile
654 1887 832 1965 intelligitur,
847 1906 941 1942 errore
955 1886 1072 1947 librarii,
1087 1887 1121 1941 ed
1136 1890 1236 1963 priora

232 1972 385 2031 oberrantis
398 1970 492 2033 oculo,
508 1987 604 2026 natum
616 1970 697 2033 illud,
716 1972 793 2044 quod
807 1970 987 2027 habentvett.
1001 1972 1073 2033 edd..
1093 1971 1236 2028 omittunt

231 2073 325 2112 antem
340 2057 379 2111 sat
393 2055 479 2111 multi
496 2054 584 2113 codd.
605 2058 731 2130 (praeter
750 2056 855 2110 nostroe
869 2054 944 2111 Alm.
960 2057 1034 2113 Voss.
1053 2076 1078 2109 ι.
1096 2070 1124 2123 3.
1143 2072 1173 2111 et
1187 2057 1234 2113 ed.

230 2144 360 2209 Anda),
381 2140 409 2217 fi
424 2160 486 2195 vero
502 2160 583 2215 quum
594 2160 643 2213 per
656 2163 681 2215 q.
689 2176 698 2201 ,
724 2142 804 2211 citjut
817 2140 995 2214 praecipitata
1008 2140 1182 2197 correctione
1195 2142 1236 2197 se·

231 2239 309 2284 etum
325 2226 369 2285 eil.
392 2238 485 2277 urtam
503 2226 554 2277 diu
568 2224 673 2278 vulnus
683 2224 774 2278 curari
788 2226 925 2297 nequiret.
955 2225 1048 2278 Etiam
1064 2222 1234 2281 literar-istro

231 2332 292 2375 reu,
312 2307 393 2384 plane
408 2310 471 2363 suin
485 2306 649 2379 ejiciendae,
669 2327 747 2383 quiae,
767 2322 875 2381 praeter
891 2309 993 2363 nostros
1011 2307 1102 2365 codd.
1120 2308 1235 2363 omittit

230 2392 307 2452 Voss.
322 2406 351 2459 3,
371 2406 400 2445 ‘et
414 2390 506 2465 plures
523 2392 656 2465 profecto,
670 2394 757 2447 modo
772 2406 844 2446 recte
859 2393 944 2445 essent
956 2392 1065 2447 excussi.
1107 2392 1235 2468 Scriptu-

230 2495 262 2532 ra
276 2475 344 2532 libri
357 2476 460 2530 veteris
474 2474 657 2543 (sloreutini)
672 2474 764 2529 videri
777 2476 865 2549 pocesl
877 2476 952 2551 apud
967 2476 1097 2554 Regium,
1113 2478 1137 2531 sr-
1146 2476 1234 2531 modo

231 2574 355 2616 accurate
369 2562 511 2633 excerpsit.
536 2559 656 2615 Ouriuir
670 2574 761 2613 tanuen
776 2573 803 2613 et
820 2560 888 2633 ipsa:
910 2562 939 2615 Si
947 2580 1010 2615 vero
1024 2560 1134 2633 eausam
1147 2584 1198 2635 per
1204 2584 1233 2635 q.

231 2644 327 2701 's'nric
341 2646 391 2699 fic:
418 2664 467 2717 per
484 2666 497 2697 c
512 2641 546 2697 ui
553 2640 582 2719 fi
594 2647 716 2699 comitem
729 2664 779 2715 per
792 2666 809 2717 q
821 2666 853 2697 ac
867 2644 937 2699 duas
952 2666 970 2698 n
979 2642 1122 2719 sequentes
1132 2643 1234 2720 scribe·

229 2747 311 2783 retur.
352 2726 470 2801 Aliquid
487 2726 572 2781 simile
586 2728 690 2783 noslrne
703 2727 829 2787 rationis,
849 2726 894 2783 sed
901 2726 1042 2785 obscurius
1056 2726 1235 2805 lttltetScop-

230 2832 265 2887 pa
279 2814 309 2866 iu
320 2813 436 2868 Gruteri
451 2815 518 2867 Face
534 2811 598 2869 Vol.
617 2833 641 2866 1.
663 2832 692 2887 p.
708 2826 780 2887 951.

272 2968 351 3023 pere
371 2975 412 2988 —
430 2944 570 3022 sequentes
582 2942 709 3020 scriben-
750 2944 1231 3021 litamesse:cam.8caurnep.2261

181 3066 185 3071 -
230 3048 283 3088 tarr.
324 3032 403 3085 Duae
427 3028 568 3105 sequenter
597 3032 660 3085 suin
690 3052 708 3083 u
750 3030 835 3083 refert
858 3028 1032 3101 quorundam
1048 3029 1170 3087 dehisce
1191 3032 1234 3085 di·

230 3130 313 3175 erm,
339 3133 422 3187 quas,
444 3114 528 3167 ruodo
550 3114 579 3167 in
601 3114 708 3191 integra
749 3113 918 3191 stingueudis
934 3113 1111 3186 opinionem,
1139 3132 1233 3189 neque

229 3218 300 3254 voce
314 3220 374 3253 eum
389 3200 496 3272 positas,
519 3204 643 3273 repetere
658 3216 708 3251 uo-
748 3198 1094 3271 tanreuvideturprobere.
1119 3200 1233 3253 Priscia-

230 3280 295 3343 lnit,
316 3282 438 3337 taedium
453 3288 567 3343 canens,
590 3301 653 3336 cum
670 3296 708 3335 at·
747 3300 800 3335 nur
815 3282 974 3353 scripturum
989 3304 1041 3357 qua
1051 3302 1103 3354 pro
1118 3304 1152 3337 eu
1165 3282 1233 3339 solie

230 3365 355 3421 tendenti
379 3366 440 3421 satie
460 3364 616 3420 nrauisestus
644 3366 708 3419 esset
748 3366 870 3437 antiquis
887 3366 1000 3443 assignat
1012 3385 1039 3439 p.
1057 3366 1128 3431 560.
1160 3370 1233 3423 Earn

127 3442 130 3453 ¹
230 3453 326 3505 sensui.
375 3451 467 3504 Etiam
490 3449 560 3503 hene
574 3448 707 3503 scribendi
748 3469 860 3523 qnoque
874 3449 1066 3510 disserentiarn,
1084 3436 1168 3524 quini
1181 3451 1233 3505 lio·

229 3533 414 3589 disserentium
429 3552 529 3589 vereor
552 3548 585 3587 nt
607 3532 707 3607 probet
748 3534 793 3586 die
806 3532 933 3610 religiose
948 3548 1074 3594 tuemur,
1102 3534 1178 3588 inter
1192 3536 1231 3589 ad

230 3620 283 3691 Qu.
329 3622 442 3672 Mecum
463 3618 528 3672 saeit
547 3618 707 3691 Dausquina
749 3632 777 3670 et
797 3633 843 3677 ar,
878 3631 1054 3671 contemnere
1078 3620 1230 3692 Quintilia-

228 3702 260 3754 in
282 3720 352 3755 voce
375 3704 441 3755 Cum
466 3700 565 3759 Volo
588 3720 616 3775 p.
638 3720 705 3755 roo.
746 3720 816 3755 num
845 3718 953 3773 putent.
1014 3706 1085 3755 stern
1107 3704 1230 3779 quotidie

230 3787 337 3841 Marius
357 3785 471 3857 quidem
493 3786 655 3844 Victorinus
677 3804 705 3859 p.
748 3804 824 3845 mon,
846 3800 878 3838 ut
894 3782 1032 3858 putidum,
1050 3787 1151 3857 rejicit.
1195 3791 1229 3841 ln

227 3868 336 3923 Pntsclr.
354 3868 434 3939 246«)
450 3889 507 3923 earn
522 3868 705 3929 commendat,
747 3867 802 3921 hoc
825 3869 885 3942 ipso
907 3884 998 3923 tamen
1017 3869 1158 3925 vocabulo
1177 3870 1230 3924 ‹lil-

226 3950 325 4006 diserte
349 3952 450 4006 addens
471 3972 505 4006 ue
526 3973 540 4006 a
563 3952 704 4009 veteribus
746 3954 852 4005 crimen
875 3952 989 4024 aliquod
1007 3956 1229 4011 comminiscitur

226 4036 339 4109 quidem
355 4033 442 4089 ullam
464 4038 704 4110 pronunciationis
745 4038 819 4090 Beda
848 4056 876 4109 p.
901 4048 990 4112 2344.
1051 4038 1228 4095 Cassiodorus

225 4121 413 4174 diversitatem
429 4120 510 4174 suisse
522 4120 704 4181 observatam,
745 4121 920 4174 commendat
941 4123 1060 4197 quotidie
1080 4143 1108 4197 p.
1132 4134 1226 4197 2284.

224 4205 267 4259 sed
277 4219 422 4277 utramque
433 4203 705 4283 scriptnttrnlegiso·
743 4202 797 4258 Sed
811 4204 872 4258 sinn
888 4204 931 4259 isti
954 4198 1066 4276 idsyoror
1081 4224 1109 4261 et
1125 4201 1225 4277 iden«-
