2596 4710
180 248 272 304 xxrr
510 183 866 309 PRAEFATIO..

52 393 55 398 ¹
178 412 314 496 saltem
328 442 351 495 a
365 444 431 495 me
445 444 653 523 perperam
670 417 744 499 effe
763 418 915 498 factum
929 415 1182 522 nequequam

180 551 323 645 credo,
373 555 486 656 quod
514 557 684 633 Criticae
710 580 875 658 quoque
903 557 1069 633 rationis
1095 557 1183 657 ple·

180 711 355 788 rumque
386 716 541 768 memor
574 689 649 766 fui.
730 693 970 799 Quicunque
1007 704 1186 766 veterem

157 930 159 934 Α
179 822 333 901 librum
354 824 570 941 legendum
591 823 731 915 sumit,
770 822 849 901 hoc
875 826 984 928 apud
998 826 1185 917 ‘animum

178 952 298 1036 suum
318 957 529 1038 constituat
545 956 694 1041 neceffe
711 956 788 1049 est,
815 986 900 1036 non
915 957 1024 1061 poffe
1046 961 1183 1036 lectio·

179 1116 275 1170 nem
298 1119 387 1171 eam
413 1094 513 1172 adeo
539 1094 763 1194 expeditam
786 1090 861 1168 effe
885 1108 926 1167 et
946 1109 1092 1183 tutam,
1138 1120 1183 1169 ae

180 1223 273 1304 liin
297 1227 487 1330 scriptore
508 1226 674 1307 suorum
700 1243 928 1328 temporum
950 1225 1181 1304 versaretur.

179 1362 263 1466 Qui
285 1358 396 1437 secus
421 1377 583 1462 putant,
615 1363 649 1437 ii
670 1359 710 1435 se
731 1356 995 1437 ludificandos
1018 1363 1183 1463 permit·

133 1544 137 1563 .
180 1509 274 1569 tunt
300 1519 444 1574 eorum
467 1497 712 1596 ignorantiae
735 1495 866 1571 dicam
892 1522 943 1572 an
968 1495 1184 1598 impuden·
1223 1540 1226 1547 ·

181 1629 278 1719 tiae,
321 1632 395 1729 qui
415 1630 643 1706 varietatem
671 1632 797 1707 ullam
826 1629 1048 1733 scripturae·
1067 1634 1114 1707 in
1137 1635 1181 1708 V.

181 1778 224 1838 et
237 1765 291 1840 N.
305 1763 676 1845 Testamenrihbris
700 1767 879 1843 inveniri
900 1765 1025 1843 hodie
1048 1766 1182 1861 eriam,

180 1897 348 1976 intanta
357 1902 524 1978 Criticae
534 1898 659 1976 sacrae
673 1902 776 1991 luce,
805 1898 1019 2003 praefracte
1033 1915 1182 1977 etcum

182 2032 495 2137 prudentiorum
544 2033 752 2114 manifesto
797 2035 978 2113 ludibrio
1024 2051 1180 2136 negant

179 2167 328 2269 Neque
365 2187 447 2246 erat
478 2198 554 2272 pro
591 2196 680 2246 mea
715 2172 932 2272 religione,
979 2172 1183 2248 veteribus

181 2304 373 2404 exemplis
397 2331 482 2381 non
504 2303 800 2397 addicentibus,
834 2305 989 2405 ubique
1008 2305 1055 2380 in
1074 2319 1184 2385 textu

182 2461 353 2542 ponere,
403 2437 516 2538 quod
552 2440 657 2515 mihi
693 2437 934 2515 veriffimum
966 2439 1182 2518 videratur.

181 2576 241 2650 Ita
263 2572 414 2651 factum
430 2572 504 2666 est,
534 2590 583 2651 ut
600 2572 814 2650 sententiae
837 2573 1035 2651 eruendae
1060 2573 1184 2667 causa,

183 2704 297 2811 saepe
327 2708 378 2786 ad
407 2711 558 2787 criticas
580 2724 693 2786 nous
725 2705 817 2785 effet
850 2708 1090 2809 ablegandus
1114 2711 1183 2786 vel

129 2826 133 2833 ¹
180 2843 377 2933 ialector,
406 2847 480 2945 qui
503 2868 640 2920 earum
663 2846 848 2923 omnium
868 2847 1035 2946 gratiam
1055 2846 1183 2920 liben-

182 2976 318 3054 tiffime
340 2979 444 3057 mihi
464 2994 546 3055 erat
564 2977 752 3057 facturus.
823 2981 1012 3059 Ceterum
1032 2979 1183 3058 secrevi

184 3110 330 3191 diverfi
352 3115 507 3215 generis
525 3131 659 3204 notas,
693 3112 853 3190 secutus
874 3113 1185 3193 doetiffimorum

182 3249 443 3350 popularium
488 3272 694 3340 meorum,
756 3247 960 3351 ipfiusque
1002 3246 1184 3337 Gesneri,

183 3385 434 3484 exemplum,
469 3391 581 3479 cujus
607 3387 652 3463 in
674 3383 923 3491 Quintiliano
947 3380 1101 3462 summa
1125 3381 1182 3456 est

78 3578 81 3585 ,
182 3520 402 3596 auctoritas„
462 3520 544 3624 Qui
559 3522 684 3622 igitur
702 3541 812 3597 meae
833 3514 931 3595 fidei
950 3532 1054 3595 recte
1073 3541 1181 3590 conr·

179 3651 335 3727 mittere
357 3648 436 3726 sese
455 3647 561 3753 poffe
583 3651 657 3729 fibi
683 3650 867 3741 videtur,
901 3675 1035 3751 neque
1059 3651 1182 3750 origi·

181 3808 277 3861 nem
302 3801 342 3862 et
363 3792 427 3883 jue
451 3791 559 3881 ejus,
613 3787 786 3887 quaein
814 3801 924 3862 textu
956 3782 1078 3888 polita
1112 3757 1181 3876 est,

183 3915 396 4025 scripturae
423 3917 659 4024 investigare
679 3921 852 4012 laborat,
890 3921 924 4000 ie
946 3944 999 3998 ue
1018 3918 1181 4025 scriptas
