2596 4710
170 323 244 409 363
410 318 468 388 Μ
494 319 596 389 FAB.
617 319 936 415 nummum

171 506 271 611 Quis
287 504 410 582 nescit
422 511 554 610 ignes,
578 533 713 607 aquas,
728 506 821 617 'fine
836 510 984 610 quibus
1000 510 1177 591 nullane

171 624 272 711 vita3
300 637 340 693 et
353 624 429 719 (ne
444 626 608 699 terrenis
623 626 838 723 immorer)
852 627 987 703 Solem
997 630 1178 705 Lunam·

170 762 270 836 que,
298 742 508 840 praecipua
525 738 715 827 siderum,
735 741 949 838 aliquando
966 744 1087 816 etiam
1101 770 1174 821 no-

146 853 289 933 rcere?
320 840 322 843 ⁵
341 857 465 930 ⁴Num
479 856 604 955 igitur
616 855 824 952 negabitur
839 853 1061 931 deformem
1081 863 1173 959 Pyr·

170 967 236 1042 rhi
261 993 398 1067 pacem
419 995 555 1045 caecus
575 970 644 1044 ille
658 973 811 1071 Appius
832 970 992 1045 dicendi
1017 974 1172 1051 viribus

169 1080 393 1158 diremillel
425 1101 594 1187 autnon
608 1082 744 1158 divina
759 1090 815 1161 M.
832 1087 960 1160 Tullii
977 1087 1171 1187 eloquen-

170 1200 225 1273 tie
243 1215 282 1273 et
300 1215 436 1275 contra
458 1202 564 1300 leges
580 1203 758 1298 Agrarias
782 1202 986 1300 popularis
1005 1200 1105 1292 fuit,
1131 1218 1170 1280 et

169 1313 362 1388 Catilinae
392 1313 511 1417 fregit
543 1315 745 1391 audaciam
779 1332 818 1409 et
850 1313 1167 1414 supplicationes,

169 1431 243 1526 qui
265 1432 461 1507 maximus
481 1429 616 1506 honor
633 1428 852 1506 victoribus
871 1431 978 1506 bello
998 1431 1167 1509 ducibus

140 1541 306 1632 8datnr‚
335 1546 381 1620 in
411 1563 503 1645 toga
528 1547 705 1619 meruit?
761 1547 912 1621 Nonne
938 1550 1166 1646 perterritos

166 1659 345 1735 militum
374 1662 528 1736 animos
560 1658 789 1758 frequenter
818 1686 840 1734 a
866 1676 979 1737 metu
996 1648 1165 1739 ,revoat

166 1776 293 1850 oratio
318 1791 375 1866 et,
404 1790 468 1853 tot
490 1773 697 1875 pugnandi
722 1777 895 1876 pericula
919 1778 1180 1868 ineuntibus..

164 1887 326 1965 laudem
341 1891 422 1966 vita
438 1891 637 1991 potiorem
653 1885 726 1964 elle
744 1889 977 1990 persuadet?
1017 1894 1162 1994 Neque

162 2029 262 2080 vero
278 2031 342 2083 me
357 1997 660 2081 Lacedaemonii
677 2022 794 2105 atque
813 2006 1069 2085 Athenienses
1084 2034 1162 2084 ma·

161 2124 222 2222 gis
239 2115 460 2213 moverint,
487 2148 607 2222 quam
625 2123 798 2220 populus
814 2126 1031 2212 Romanus,
1056 2122 1161 2227 apud

161 2262 285 2335 quem
303 2235 456 2313 summa
474 2236 626 2335 semper
643 2236 866 2312 oratoribus
884 2236 1054 2336 dignitas
1071 2239 1157 2315 fuit

133 2351 362 2450 9Equidem
391 2370 465 2427 nec
489 2353 655 2427 urbium
677 2351 903 2427 conditores
932 2377 1025 2428 reor
1050 2357 1158 2429 aliter

159 2460 370 2544 effecturos
386 2463 518 2555 fuine,
546 2482 593 2542 ut
609 2491 706 2565 vaga
720 2467 787 2539 illa
801 2466 1021 2544 multitudo
1036 2473 1158 2546 coiret

157 2581 205 2657 in
236 2584 431 2686 populos,
460 2581 533 2657 nili
563 2582 678 2656 docta
703 2606 802 2655 voce
833 2599 1052 2659 commota:
1086 2610 1156 2660 nec

156 2694 296 2803 legum
318 2715 537 2802 repertores
562 2695 644 2772 fine
665 2692 818 2771 summa
837 2697 882 2771 vi
901 2696 1045 2773 orandi
1065 2724 1156 2777 con·

221 2902 316 2976 Neque
329 2928 371 2944 ·-
383 2914 473 2972 atque.
514 2894 602 2952 Goth.
614 2894 630 2965 (
636 2909 686 2949 tac.
696 2896 789 2964 Gelu.)
803 2917 850 2950 nee
864 2926 906 2945 -
919 2912 983 2957 aut.
1005 2915 1071 2953 cum
1083 2897 1153 2960 Jenf.

155 2982 238 3058 (inid.
255 2989 320 3057 tac.)
338 2999 367 3040 et
380 2981 520 3059 plerique
535 2995 606 3056 vett.
624 2980 685 3036 edd.
725 2983 788 3036 Hoc
802 2979 896 3036 malirn
910 2998 1009 3056 prope.

197 3158 304 3231 Appius
313 3157 419 3211 Caecus.
440 3148 633 3208 vidAEreinsh.
675 3146 843 3202 cedentibus.
864 3149 1068 3205 Pertinuerunt
1081 3150 1151 3207 min

153 3241 278 3308 Lib.15.
296 3259 318 3294 c.
335 3254 383 3307 31.
400 3252 448 3306 32.
465 3251 514 3305 33.
669 3232 885 3307 supplicationes
927 3233 961 3287 ad
1000 3234 1150 3310 opprelsm

195 3328 296 3398 Agrai.
319 3339 414 3377 eontra
431 3319 557 3376 Rullum.
580 3321 633 3374 Po·
673 3318 892 3388 conjurationem
902 3317 1103 3374 Catilinrrinm.
1117 3316 1151 3373 cl.

152 3407 278 3483 pnlarem
308 3424 402 3462 contro
428 3403 500 3483 legg.
528 3421 630 3481 agrarr.
674 3402 731 3457 Cic.
750 3405 803 3455 Pro
819 3399 895 3455 Sulla
911 3421 935 3456 e.
954 3415 993 3470 3⁰
1010 3416 1083 3458 extr.
1118 3406 1150 3456 lu

151 3494 306 3547 orationem
328 3491 436 3545 nounifi
457 3491 561 3542 summo
577 3486 633 3540 elo·
674 3487 725 3541 Pil.
739 3501 790 3554 αὖ
805 3486 868 3539 init.
911 3483 1008 3541 Altera
1022 3484 1150 3563 supplies·

150 3580 265 3649 quentia
289 3576 394 3631 efficere
418 3573 512 3647 potest.
556 3574 631 3626 Bene
673 3571 714 3625 tio
738 3574 754 3640 (
759 3570 816 3624 vid.
839 3574 890 3645 Ep.
906 3569 939 3623 ad
958 3570 1031 3625 Div.
1052 3580 1148 3639 ιω.

148 3664 256 3741 Regius
279 3661 359 3716 affert
381 3658 452 3715 Plin-
476 3660 513 3712 Η.
535 3658 575 3714 N.
601 3672 629 3722 7,
671 3653 748 3709 etad
764 3658 821 3708 Art.
839 3669 866 3723 7.
887 3658 925 3723 1.)
941 3670 1049 3711 armato
1063 3656 1149 3711 deae

148 3757 202 3812 δι.
224 3764 252 3821 p.
273 3747 337 3821 Bip.
363 3760 412 3814 55.
438 3745 498 3806 „Te
518 3743 627 3796 dicente
669 3739 775 3793 taluit.

148 3834 181 3898 n(
189 3834 230 3887 Μ.
253 3831 352 3904 Tulli)
370 3829 460 3908 legem
482 3828 627 3906 agrariam,
711 3824 813 3878 urbium
827 3824 985 3879 conditores.
1003 3822 1148 3881 effic-(le

146 3914 222 3974 ..hoe
238 3917 274 3971 est
286 3915 418 3970 nimenta
437 3916 498 3975 lna,
520 3911 626 3967 abdice-
668 3911 731 3962 lnv.
752 3928 776 3969 r,
794 3923 822 3961 2.
844 3923 872 3961 et
892 3909 926 3961 de
941 3909 993 3965 Or.
1014 3920 1146 3983 1,8qu0

143 4015 269 4060 ..rerunt
285 3985 406 4054 tribur.⁴‘
509 4006 523 4029 ⁸
666 3991 729 4047 loeo
750 3992 904 4066 improbati
923 4008 951 4046 et
972 3995 1147 4067 repudiari·

185 4100 213 4138 et
221 4083 341 4159 supplic.
356 4082 410 4137 hoc
422 4080 624 4157 interpunctio-
665 4080 690 4134 le
701 4076 766 4131 libri
780 4078 864 4131 bonae
880 4078 1025 4132 sententiar
1033 4077 1147 4135 videtu:

139 4183 176 4223 ue
198 4187 256 4225 non
278 4166 469 4224 dirimendum
491 4167 525 4223 ab
548 4181 622 4221 ante·
663 4164 824 4219 conservare
840 4160 968 4217 voluille.
