2596 4710
238 262 373 317 uxum
571 242 906 317 eunomio
1046 344 1049 355 .

136 534 140 549 Ι
240 451 356 525 runt,
382 430 468 509 fere
494 430 672 533 pendent
679 460 690 525 ;
719 434 892 509 maxime
920 434 1135 512 Turnebus
1159 436 1245 527 iiie,

222 587 290 659 ,ut
316 568 409 645 vult
439 568 596 659 audire,
634 574 748 664 cujus
773 564 927 647 ‘nomen
954 564 1028 644 esse
1056 550 1247 648 fictitium

243 705 335 791 satis
364 708 571 805 cognitum
587 702 643 778 est
665 700 904 793 testimonio,
932 705 1045 804 quod
1067 708 1110 783 iu
1132 722 1247 807 prae·-

242 828 593 939 frtione'apposuit
608 840 956 939 Capperonnerius
971 865 1007 940 p.
1019 844 1091 930 VI,
1111 841 1246 917 Iacobi

233 974 449 1062 Menteiii,
491 972 644 1049 Medici
664 966 884 1049 Parisr'enfis
914 975 1246 1074 (mortui1690),

113 1184 115 1189 .
244 1111 313 1186 cui
334 1106 473 1185 fimilia
499 1106 638 1208 prodit
652 1084 805 1184 ¹munus
833 1111 1012 1209 antiqua,
1046 1108 1129 1184 visa
1152 1106 1246 1183 Ges·

184 1274 194 1295 ·,
243 1270 343 1323 nero
369 1246 415 1318 in
443 1242 626 1341 exemplo
660 1232 811 1317 horum
841 1244 1247 1334 Commentariorum,

243 1377 508 1484 prostantium
534 1371 686 1450 Parisiis
715 1384 834 1472 1756.
888 1381 1113 1456 Narrautur
1134 1380 1245 1455 enirn

243 1514 371 1592 iidem
409 1534 535 1611 paene
569 1509 620 1585 ud
655 1510 825 1587 verbum
858 1538 880 1587 e
916 1512 1132 1597 Philaddro
1170 1508 1245 1589 effe
1283 1528 1286 1535 '

243 1646 477 1747 transcripti.
536 1650 667 1741 Hujus
697 1638 863 1746 quidem
890 1640 1015 1747 ipsius*
1037 1648 1245 1724 Philandri

245 1799 359 1863 notas
380 1782 531 1871 breves,
561 1779 774 1881 quaesunt
800 1778 958 1857 seorsim
986 1781 1126 1871 editae,
1155 1809 1245 1858 nar·

151 1974 155 1981 -
244 1933 356 1997 rante
370 1892 548 1992 'Ernesto
578 1916 625 1991 in
652 1916 749 1990 bibl.
776 1917 841 1992 lut.
872 1941 911 2015 p.
930 1890 1022 2010 o7r.
1051 1917 1244 2018 Lugduni

248 2072 369 2142 1535.
400 2068 437 2138 8.
473 2047 666 2151 inspicere
700 2051 804 2125 mihi
837 2053 1142 2152 noncontigit,
1171 2080 1174 2085 ’
1199 2066 1245 2130 ut

244 2186 421 2284 judicare
448 2180 615 2284 possem,
641 2210 691 2259 on
716 2186 823 2261 'nihil
852 2180 1059 2261 differrent
1086 2184 1243 2288 castiga·

244 2319 426 2395 tionibus
451 2317 650 2413 ejusdem,
685 2344 786 2419 quae
815 2336 1044 2420 comparent
1064 2322 1118 2395 -in
1143 2318 1249 2397 Bn'ste'

163 2424 166 2431 Ι
245 2451 443 2531 leenfibus
460 2453 569 2527 meis.
629 2454 730 2527 Sunt
742 2469 872 2529 autem
894 2460 978 2546 ejus
996 2448 1257 2531 animadvers

245 2586 374 2667 dones
392 2584 573 2688 profecto
588 2612 674 2663 non
693 2588 936 2687 proletariae.
996 2591 1062 2664 Ne
1078 2591 1247 2667 Antonii·

245 2724 413 2823 quidem
439 2723 529 2796 Pini
559 2725 890 2799 commentarium
916 2725 961 2799 in
986 2724 1138 2800 librum
1167 2740 1245 2800 ter·

244 2860 349 2933 tium
372 2854 560 2955 usurpare
573 2856 690 2955 potui
705 2857 919 2958 integrum,
940 2854 1132 2957 quonium
1147 2843 1248 2937 Bur·

243 3014 413 3067 mannus
438 3015 523 3065 non
547 2986 621 3064 nisi
644 3008 843 3091 excerptos
864 2999 949 3086 ejus
977 2994 1096 3068 habet
1119 3011 1244 3083 notas,

244 3126 332 3207 aliis
352 3138 491 3199 'autem
525 3122 772 3201 editionibus
800 3129 947 3201 Pinum
977 3143 1246 3215 totumsom-

241 3260 370 3362 plexis
390 3277 515 3335 careo.
573 3260 714 3358 Neque
740 3262 940 3360 poenitet,
973 3259 1122 3341 nvem·
1139 3260 1245 3352 sunt,

243 3420 345 3495 quae
362 3392 412 3469 de
430 3419 479 3470 eo
501 3392 639 3495 prodit
657 3395 906 3471 Burmannus
927 3398 971 3470 in
988 3394 1245 3497 praefatione.

241 3533 290 3605 In
311 3530 458 3606 Criticu
484 3532 638 3604 ratione
666 3530 852 3604 onmium
877 3530 1045 3605 minime
1072 3532 1178 3627 mihi
1205 3530 1252 3608 se

241 3664 427 3765 probavit
443 3668 582 3738 Petrus
608 3663 814 3750 Francius,
844 3662 894 3738 de
913 3669 1027 3757 eujus
1044 3671 1248 3760 conjectu·

241 3800 296 3874 ris
314 3797 547 3886 identidem,
576 3820 678 3896 quoe
692 3792 889 3885 sentirem,
906 3797 1030 3872 libere
1046 3798 1136 3876 sum
1150 3826 1247 3902 pro·

238 3928 389 4016 sessus.
425 3933 573 4032 Neque
596 3944 740 4007 vereor
762 3927 866 4015 hunc
889 3933 992 4011 mihi
1017 3934 1251 4015 libertatem.
