2596 4710
97 456 106 465 ..
169 379 242 448 272
403 351 463 441 Μ.
478 344 589 445 ἙΑΒ.
618 352 929 447 QUINTILIANI
957 386 963 402 ¹

139 541 273 646 napud
297 541 569 641 grammaticos
596 565 699 639 puer
729 539 922 615 didicerit
998 543 1047 614 Et
1072 540 1169 641 quia

164 661 457 743 narrationum,
492 671 748 753 exceptaque
775 652 965 730 incautis
990 656 1211 745 utimur‚15

21 765 26 771 ⁵
133 778 136 783 ’
163 791 243 849 tres
261 773 481 871 accepimus
498 768 664 869 species:
684 766 892 874 fabulam,
923 767 1166 868 quaeverlu·

164 904 232 965 tur
252 890 295 961 in
314 884 523 985 tragoediis
540 901 655 983 atque
669 885 928 972 carminibus,
957 910 1042 961 non
1058 912 1080 958 a
1097 911 1164 961 ve·

127 1022 130 1027 '
165 999 280 1081 ritate
306 1002 449 1089 modo,
475 996 682 1074 sedetiam
706 1025 727 1072 a
753 998 882 1074 forma
905 1001 1081 1103 veritatis
1106 1026 1167 1075 re·

165 1134 332 1205 motam3
358 1129 646 1221 argumentum,
671 1112 960 1213 quodfalsum,
985 1113 1055 1189 led
1068 1141 1165 1192 vero

165 1232 311 1319 fimile,
333 1229 561 1306 comoediae
579 1227 753 1328 fingunt3
785 1223 1002 1333 historiam,
1024 1232 1166 1330 inqua

165 1347 221 1422 est
248 1343 372 1447 gestae
398 1347 457 1418 rei
488 1344 697 1443 expoliti03
742 1347 1000 1444 grammaticis
1032 1362 1167 1419 autem

163 1465 335 1564 poeticas
357 1458 562 1534 dedimus:
593 1459 701 1557 apud
716 1459 916 1535 rhetorem
935 1462 1100 1535 initium
1118 1459 1167 1534 lit

137 1575 346 1664 shistoria3
372 1589 480 1648 tanto
498 1573 714 1661 robustior,
743 1590 892 1673 quanto
911 1578 1056 1651 verior.
1089 1575 1167 1650 Sed

163 1688 351 1768 narrandi
371 1688 535 1787 quidem
556 1714 657 1786 quae
679 1691 795 1765 nobis
820 1691 968 1790 optima
986 1693 1086 1768 ratio
1106 1691 1167 1765 vi·

165 1805 323 1892 deutur,
353 1818 441 1878 tum
462 1801 836 1893 demonstrabimus,
866 1831 958 1880 rum
982 1805 1033 1878 de
1060 1805 1168 1899 judi·

166 1921 257 1995 ciali
271 1935 379 2020 parte
395 1915 582 1993 dicemus.
640 1920 804 1993 Interim
823 1918 1037 1995 admonere
1059 1919 1166 1996 illud

121 2075 124 2079 ·
164 2035 253 2110 satis
280 2033 353 2122 est,
375 2049 428 2107 ut
450 2031 499 2107 lit
519 2059 562 2106 ea
580 2057 711 2132 neque
736 2032 844 2107 arida
867 2032 1029 2133 prorsus
1049 2053 1165 2135 atque

107 2142 115 2149 ’
164 2158 297 2247 jejuna
333 2148 577 2246 (namquid
608 2173 709 2247 opus
737 2164 819 2223 erat
842 2146 996 2223 tantum
1024 2148 1165 2227 studiis

163 2267 309 2340 laboris
324 2261 574 2363 impendere,
602 2261 635 2336 li
653 2288 713 2337 res
728 2262 855 2340 nudas
870 2280 985 2363 atque
1002 2266 1166 2341 inorna-

148 2395 220 2455 'tas
250 2377 425 2453 indicare
449 2375 537 2451 satis
564 2377 839 2477 videretur2):
869 2403 1001 2477 neque
1027 2376 1164 2457 rursus

161 2491 336 2581 linuosa,
367 2507 405 2564 et
427 2490 601 2567 arcellrtis
622 2491 970 2593 descriptionibus,
997 2495 1041 2567 in
1066 2520 1164 2595 quas

161 2611 343 2709 plerique
364 2608 584 2681 imitatione
609 2610 784 2707 poiticae
807 2609 988 2699 licentiae
1006 2607 1163 2686 duem·

81 2816 85 2827 Ι
134 2740 247 2819 atur,
267 2721 417 2798 lasciva.
466 2723 619 2797 Vitium
639 2729 1017 2824 utrumquetpejus
1031 2738 1163 2800 tamen

170 3034 173 3043 ,
224 2999 359 3040 remotam.
391 2982 485 3038 Turie.
497 2997 524 3036 et
533 2981 624 3037 Guelf.
638 2999 739 3038 remota
749 3002 812 3037 cum
829 2985 866 3037 lat
880 2982 977 3037 multis
989 2984 1088 3046 eadat..
1103 3003 1162 3039 nou

159 3067 240 3124 male.
344 3084 401 3122 tum
416 3067 556 3142 demonstr.
587 3068 672 3122 Goth.
686 3075 699 3138 <
707 3084 756 3122 tae.
771 3069 864 3134 Gelu.)
879 3070 987 3122 omittit
1001 3085 1074 3130 tum,
1096 3088 1160 3123 cnm

158 3154 233 3212 Voll.
249 3168 276 3218 3.
291 3168 317 3206 et
332 3153 392 3205 edd.
410 3149 524 3223 aliquot.
632 3149 742 3225 lascire.
765 3151 858 3208 Guelf.
868 3150 1019 3226 lasciviant,
1033 3153 1112 3226 qrrod
1129 3153 1161 3208 in

155 3239 210 3293 [uis
227 3236 385 3290 inveniebat
402 3238 519 3312 Regius,
540 3236 587 3307 qui
604 3239 757 3305 conjectura
774 3238 911 3309 expunxit
926 3259 951 3290 n.
984 3236 1069 3293 Goth.
1086 3242 1100 3307 (
1108 3252 1175 3308 tac.¹

155 3324 257 3392 Gelu.)
275 3319 401 3392 lusa-iria.
426 3320 454 3376 iu
471 3338 527 3391 qno
544 3319 609 3371 latet
625 3318 778 3373 multorum
795 3320 883 3374 Codri.
896 3335 926 3372 ut
939 3321 1036 3375 Turio.
1053 3335 1082 3375 et
1097 3320 1158 3375 edd.

154 3406 288 3478 [criptura
305 3403 355 3476 Iasi
363 3407 438 3456 iniat.
461 3404 522 3480 Ego
542 3418 631 3455 tarucn
647 3419 782 3475 receptam
798 3420 868 3476 puto
883 3423 978 3459 veram
989 3403 1158 3479 obpositam

153 3491 232 3544 nocie
240 3509 322 3563 neque
332 3488 389 3561 poli
397 3486 445 3563 fic,
454 3485 616 3541 etadditum
627 3487 791 3542 adverbium
800 3485 898 3562 rursus,
911 3503 1027 3563 proptor
1035 3496 1159 3563 quorum

198 3703 274 3740 tanto
296 3682 436 3760 robustior.
466 3704 535 3758 qnae
558 3699 634 3738 tanto
677 3682 849 3759 robustiorem
858 3683 1055 3741 adolescentem
1065 3686 1159 3751 decet}

154 3769 220 3847 plns
236 3770 266 3823 iu
283 3785 410 3823 narrante
425 3768 535 3823 roboris
551 3784 578 3821 et
593 3770 634 3821 vi·
677 3783 705 3821 et
727 3771 828 3840 spectat
846 3769 969 3847 elogium
993 3771 1028 3825 ad
1046 3789 1158 3827 onlnem

154 3856 230 3910 rium
252 3854 353 3928 poscit,
374 3869 476 3926 quanto
499 3854 634 3906 remotior
676 3854 792 3906 omnino
809 3854 965 3914 historiam,
988 3874 1047 3910 non
1060 3856 1095 3910 ad
1110 3853 1158 3909 ali·

154 3939 191 3992 est
214 3959 229 3990 a
263 3937 379 3991 ibertate
401 3938 537 4015 surgendi,
567 3956 632 3990 cum
675 3954 758 4010 quem
773 3938 832 4010 ejus
847 3939 986 3993 delectum
1008 3960 1024 3993 a
1045 3940 1157 3996 rhetore

62 4071 66 4079 .
151 4023 182 4079 in
206 4020 262 4075 illis
286 4022 401 4096 poeticis
427 4020 631 4076 narrationibus
673 4021 839 4076 faciendum.

60 4132 66 4139 ·
147 4105 230 4162 liceat
245 4108 319 4177 quali
335 4104 481 4178 pueriliter
495 4104 628 4160 lascivire.
713 4127 773 4161 cunr
808 4136 850 4150 ·-
885 4107 1010 4163 dicamus.
1054 4109 1090 4165 Ι.
1123 4113 1154 4182 4.·

144 4189 294 4268 Robust'ior
328 4188 447 4253 dicimr,
488 4204 627 4265 quatenus
670 4207 692 4245 c.
716 4204 744 4246 2.
