2596 4710
178 352 255 433 too
418 336 474 407 Μ.
499 334 942 429 raa-omormam
997 372 1000 377 -

177 518 338 637 emesae,
363 525 469 619 quod
488 517 584 635 effet
605 527 644 597 in
669 550 717 598 ea
738 506 1058 629 potemiffonurm
1094 538 1136 598 et
1149 524 1186 599 in

177 668 254 739 quo
279 645 446 716 maxime
468 665 529 713 res
550 656 779 715 verteretur.
838 637 885 712 Id
902 635 931 710 fi
949 640 1041 736 quis
1063 664 1186 744 gene-

177 755 300 831 ratem
320 750 600 869 quaestionem,
628 756 696 827 vel
710 770 828 853 caput
847 754 1035 858 generale
1051 753 1184 829 dicere

175 872 315 958 malet,
358 897 451 944 cum
474 870 552 945 hoc
574 870 678 942 mihi
697 896 782 945 non
804 872 881 943 erit
901 892 1058 968 pugna;
1100 895 1181 944 non

175 986 320 1084 magis,
350 1010 471 1083 quam
502 981 530 1056 fi
556 984 668 1058 aliud
696 984 846 1072 adhuc,
874 1009 958 1082 quo
983 983 1096 1058 idem
1121 986 1182 1057 in·

174 1101 393 1198 telligatur,
424 1104 509 1193 ejus
538 1101 597 1172 rei
628 1125 776 1175 nomen
805 1099 1028 1185 invenerit,
1058 1122 1180 1199 quon-

174 1238 296 1313 quam
313 1228 406 1308 *tota
428 1215 640 1289 volumina
667 1216 712 1287 in
740 1214 841 1288 hanc
868 1212 1177 1312 disputationem

173 1325 409 1428 impendiffe
435 1330 588 1404 multos
616 1326 754 1403 sciam:
784 1329 902 1404 nobis
924 1323 1079 1432 statum
1102 1326 1176 1402 dici

127 1472 166 1513 22
175 1444 312 1543 placet.
399 1441 477 1518 Sed
515 1469 608 1519 cum
645 1447 688 1517 in
722 1444 808 1517 aliis
844 1444 1036 1519 omnibus
1079 1446 1175 1517 inter

171 1557 381 1657 scriptores
411 1555 567 1632 summa
595 1555 773 1634 diffenfio
801 1555 875 1646 est,
910 1574 1001 1632 tum
1030 1561 1076 1633 in
1103 1559 1171 1633 hoo

172 1674 385 1773 praecipue
414 1672 579 1748 videtur
601 1674 706 1748 mihi
729 1671 906 1747 studium
931 1699 1098 1772 quoque
1118 1672 1171 1746 di·

171 1784 283 1861 versa
312 1785 494 1860 tradendi
523 1785 658 1862 fuiffe:
690 1788 801 1877 adeo,
829 1812 902 1865 nec
934 1790 1006 1885 qui
1036 1786 1084 1864 sit
1104 1814 1170 1866 nu·

172 1927 326 1989 merus,
366 1927 441 1979 nec
466 1928 568 2001 quae
596 1904 778 1993 nomina,
815 1927 888 1978 nec
916 1905 990 2003 qui
1018 1928 1170 2005 genera·

171 2019 248 2106 les,
304 2019 428 2115 quive
463 2016 648 2115 speciales
682 2000 758 2092 ¹[int
786 2017 922 2107 status,
976 2019 1166 2095 convenit

121 2134 231 2213 -23A0
257 2127 443 2237 primum
456 2130 683 2217 Aristoteles
707 2134 907 2215 elemento
920 2132 1062 2211 decem
1085 2156 1169 2216 con·

170 2363 286 2417 affertur
300 2364 432 2419 crederem
443 2382 501 2418 non
515 2363 615 2419 dubito
628 2366 698 2437 quin
711 2381 741 2420 ae
755 2383 867 2439 quoque
883 2363 931 2419 dee
940 2383 1007 2418 eum
1021 2364 1075 2421 Tuo
1081 2362 1169 2423 Goth.

170 2448 219 2501 etii
233 2448 292 2527 eju·
308 2446 352 2502 tei
365 2446 442 2502 nulla
455 2450 563 2531 meritio
576 2450 651 2523 apud
665 2454 867 2504 Burmannum.
909 2454 1029 2524 Recepta
1044 2446 1170 2505 reontio·

170 2548 235 2584 rum
258 2532 401 2586 omnium:
437 2537 530 2607 opinio
544 2536 706 2588 -eredere
726 2534 794 2588 ferri
815 2535 927 2606 nequit.
961 2533 1041 2607 quod
1064 2531 1170 2589 monuit

169 2616 227 2686 jam
242 2617 340 2681 Gein.;
362 2636 454 2690 neque
470 2632 562 2673 temen
576 2637 673 2674 veram
686 2620 717 2672 in
731 2633 813 2672 textu
825 2620 927 2692 posuit,
948 2618 1030 2692 quod
1041 2617 1170 2673 recentio-

169 2717 235 2753 rum
251 2698 324 2754 [olm
339 2701 405 2754 secie
420 2702 537 2777 Capper.
703 2704 791 2757 nuder.
835 2706 879 2757 112
895 2701 989 2758 Guelf.
1010 2722 1077 2757 cum
1089 2700 1169 2759 Goth.

170 2790 235 2851 (tac.
261 2785 357 2851 Gefn.)
379 2785 455 2841 voff.
475 2802 503 2840 2.
527 2785 601 2841 Alm.
617 2787 712 2841 Turio.
734 2787 785 2840 nisa
798 2786 876 2860 quod
891 2782 947 2841 hil
965 2787 1110 2865 geminam
1123 2802 1169 2861 pet

169 2886 302 2923 errorem.
343 2868 378 2923 oi.
407 2888 441 2930 ι,
466 2883 500 2937 5,
528 2871 578 2942 64.
630 2872 721 2926 Ceteri
744 2870 811 2926 libri
832 2900 875 2916 ·-·
899 2873 986 2925 malit.

230 2955 383 3026 praecipue.
426 2953 515 3008 Goth.
531 2974 595 3009 cum
610 2955 684 3010 Voff.
702 2971 729 3008 2.
751 2970 779 3008 et
792 2954 853 3010 edd.
869 2971 932 3010 ante
945 2956 1089 3010 Stoerium
1105 2950 1169 3009 maie

168 3035 308 3096 omnibus.
325 3053 436 3112 excepta
445 3037 508 3092 Ald.
525 3053 652 3111 utraque,
665 3043 845 3112 praecipuum.
887 3039 1067 3095 Adverbium
1079 3038 1171 3094 viden·

168 3137 215 3175 tur
229 3121 375 3176 defendere
389 3121 492 3195 reliqui
507 3123 595 3177 codd.
612 3140 723 3187 omnen
745 3137 774 3176 et
787 3124 824 3178 est
837 3124 965 3200 profecto
974 3125 1083 3185 verius.
1097 3120 1169 3198 quod

166 3208 222 3281 ipsa
235 3204 381 3261 collocatio
396 3208 497 3261 suadet.
540 3207 695 3281 Oportebat
711 3208 784 3271 enim
799 3228 902 3285 quoque
916 3208 1006 3263 statim
1022 3208 1122 3283 [objici
1134 3202 1170 3276 τί

166 3294 347 3364 praecipuum.
390 3292 531 3345 Sententia
552 3306 676 3365 receptae
690 3292 756 3346 haec
771 3292 823 3347 est:
859 3292 977 3364 Reliqua
991 3292 1118 3348 diffensro
1129 3292 1169 3347 in·

165 3376 234 3429 vitia
257 3364 356 3434 etiamss
390 3373 437 3431 vel
458 3373 549 3428 saltem
568 3376 597 3431 id
615 3395 672 3428 non
687 3376 842 3453 agentibus,
865 3375 964 3431 aoeidit
980 3376 1168 3452 scriptoribus

165 3459 237 3513 hanc
257 3458 339 3515 etiam
361 3461 556 3530 quaesiverunt
573 3459 607 3513 de
628 3458 768 3517 inddssria.
799 3461 840 3533 ,si
860 3458 1033 3532 adjectivrun
1058 3460 1167 3535 legitur.

163 3545 246 3597 etiam
261 3543 291 3594 in
304 3542 400 3615 priore
414 3541 461 3596 illa
478 3543 637 3599 diffcnfioue
645 3542 770 3618 stadium
783 3545 845 3603 fuit,
868 3559 900 3598 ut
913 3544 960 3600 hic
976 3532 1168 3600 demnm'effet

162 3630 351 3699 praecipuum,
372 3627 448 3698 quod
469 3646 525 3680 uon
548 3647 632 3700 aeque
653 3627 749 3702 placet.
791 3629 867 3686 Voff.
885 3629 934 3681 odi
947 3627 1025 3684 hunc
1040 3630 1167 3685 ordinem

163 3724 334 3765 memorant:
370 3711 483 3765 Videtur
503 3715 568 3766 mihi
586 3716 761 3785 praecipuum
777 3710 914 3787 studium,
935 3713 988 3786 qui
1004 3731 1096 3769 tamen
1110 3732 1167 3770 nor

162 3793 228 3848 tacit
241 3794 276 3848 ad
289 3795 540 3855 commendandum
556 3797 728 3872 adjectivum
742 3815 808 3871 prae
820 3795 966 3855 adverbio.

200 4019 351 4074 quanquam
366 4028 407 4045 -
419 3997 514 4077 sciam.
558 4002 594 4059 ef.
612 4015 640 4064 2,
683 4004 815 4081 agnoscis.
841 4022 962 4077 quarum
985 4007 1105 4062 nomine
1126 4007 1165 4062 in·

163 4097 210 4150 17,
235 4098 281 4137 12.
682 4089 814 4161 [criptum
835 4087 942 4143 librum
970 4091 1165 4149 Aristotelem

199 4170 338 4225 elemente-
383 4171 541 4245 categorias
559 4169 641 4225 facile
681 4186 755 4226 recte
771 4173 798 4227 h.
808 4172 828 4226 1.
842 4172 1008 4231 contulerit.
1030 4178 1167 4232 Maenio·
