2596 4710
233 369 308 437 ὅου
472 348 529 418 Μ.
554 350 655 425 nnn.
684 322 1023 463 onmrnnnr

168 605 173 614 .
233 534 459 613 irascuntur
482 534 769 623 admonitioni,
800 551 841 609 et
865 535 974 608 taciti
1002 550 1233 633 repugnant.

235 656 324 728 Nec
337 652 435 725 ideo
460 667 589 724 tamen
603 653 736 725 minus
750 652 849 735 vitia
866 635 999 749 aperte
1020 640 1248 747 coarguens

207 767 288 855 4da
303 764 414 840 lunt..
466 765 655 839 Habenda
672 767 780 839 enim
795 768 895 839 ratio
913 781 1150 851 ceterorum,
1166 762 1239 861 qui

233 899 341 959 recta
360 878 454 970 elle,
488 906 590 979 quae
607 898 839 980 praeceptor
854 906 938 956 non
954 877 1239 964 emendaverit,

235 997 407 1072 credent.
466 1000 643 1093 Utraque
663 1013 798 1070 autem
822 997 923 1070 ratio
945 993 1144 1069 miscenda
1166 991 1239 1079 est,

235 1129 276 1187 et
309 1114 362 1185 ita
400 1110 621 1198 tractanda,
659 1127 705 1184 nt
735 1108 837 1209 ipsae
875 1136 936 1185 res
966 1106 1235 1211 postulabunt.

210 1230 424 1326 5Namque
442 1227 728 1324 incipientibus
748 1225 875 1300 danda
895 1226 969 1299 erit
988 1226 1104 1298 velut
1129 1247 1238 1322 prae·

233 1341 403 1418 formata
441 1343 604 1415 materia
641 1339 861 1417 secundum
896 1346 1090 1441 cuiusque
1120 1340 1235 1413 vires.

234 1460 307 1544 At,
346 1481 439 1530 cnm
465 1454 554 1530 satis
578 1453 836 1559 cornpoluiffe
862 1451 900 1530 se
929 1455 979 1528 od
1009 1454 1238 1552 exemplum

234 1571 500 1658 videbuntur,
539 1571 676 1645 brevia
704 1570 898 1670 quaedem
935 1566 1239 1645 demonstranda

233 1684 417 1783 vestigia:
444 1710 544 1783 qnae
562 1685 775 1784 persecuti,
792 1692 871 1776 iam
888 1682 968 1761 luis
985 1684 1141 1759 viribus
1158 1678 1237 1757 fine

209 1800 482 1876 oadminicnlo
507 1802 696 1902 progredi
721 1801 869 1904 pollint.
928 1803 1240 1899 Nonnunquam

296 2036 371 2090 velut
389 2033 478 2110 praef.
522 2035 615 2093 Gnell.
629 2037 673 2092 vel
686 2036 777 2111 praef.

235 2238 333 2294 eodem
346 2238 534 2295 estintellectn
550 2241 715 2315 accipiendo.
757 2241 840 2314 ipsine
861 2246 948 2296 morti.
993 2244 1065 2294 Item
1077 2236 1166 2294 ‘th
1182 2242 1240 2296 Vo·
1290 2230 1294 2237 ’

176 2378 186 2413 ἱ
235 2326 321 2380 Uim.
343 2320 431 2393 qualis
452 2325 488 2378 est
504 2324 609 2385 noster,
633 2326 717 2403 origi-
757 2328 845 2399 piscus
861 2326 889 2377 in
900 2323 1049 2379 Aureliano
1063 2334 1118 2396 c.4
1134 2343 1168 2385 ..a
1182 2322 1238 2398 pri-

235 2405 716 2479 nemdeprehonderemil1i=videot
756 2412 1121 2483 ..mnoetateiugeuiovinaci
1180 2418 1238 2468 us,⁸⁸

236 2491 268 2546 in
291 2489 353 2543 loco'
375 2491 459 2546 Gellii
482 2504 509 2558 5,
534 2508 550 2544 2
576 2493 609 2545 de
632 2497 716 2547 Buce-
757 2494 833 2567 quod
849 2495 978 2567 proxime
999 2493 1031 2544 ad
1055 2492 1178 2546 nostrum
1199 2490 1238 2545 lo·

199 2646 203 2653 ⁸
235 2573 337 2652 pholo,
360 2575 410 2631 nbi
432 2595 534 2648 equus,
556 2596 715 2651 quanquam
757 2597 820 2633 cum
836 2577 947 2631 accedit.
990 2576 1237 2656 lrttclligemurer·

236 2660 406 2715 morilrumlus
426 2692 468 2704 -
496 2678 589 2739 regem
612 2662 717 2717 dicitnr
759 2681 794 2739 go
818 2677 846 2716 et
867 2661 929 2715 hic:
956 2662 1114 2723 alacriores,
1137 2664 1236 2717 auum

236 2740 397 2817 vivaciffimo
414 2745 494 2798 eruin
509 2744 639 2798 retulille.
677 2747 716 2799 Si·
751 2746 847 2823 fiores.
876 2745 935 2799 vid.
957 2746 1099 2800 Gronovii
1117 2742 1233 2802 observ.

132 2838 137 2845 ’
237 2827 384 2907 gnificutnr
419 2831 527 2887 curlus.
564 2828 653 2901 qualis
685 2833 716 2884 tu
760 2845 786 2896 5,
802 2841 831 2901 4.
848 2849 876 2904 p.
892 2829 979 2885 Plun.
997 2842 1073 2896 552,
1096 2830 1148 2902 qui
1162 2828 1235 2883 idem

196 2922 201 2930 “
237 2912 386 2965 animantis
407 2914 465 2967 vita
482 2912 646 2985 pleniilimi‚
670 2914 716 2967 ob·
757 2914 865 2988 probat„
916 2912 1051 2968 Similiter
1075 2929 1235 2992 vergentem

236 2994 345 3051 literati
379 2997 560 3051 diuturnitatis
588 3000 716 3074 liguilicu·
758 2998 791 3052 nd
821 3000 900 3051 ulum
926 2997 1164 3076 Francogallicnrp
1187 3014 1236 3050 vo·

238 3082 332 3140 tione.
367 3101 438 3153 qnae
458 3078 524 3134 alias
554 3081 718 3154 plerumque
760 3102 819 3136 cem
834 3080 958 3159 legemus
974 3096 1001 3148 3,
1018 3093 1046 3151 8,
1064 3095 1105 3155 59
1121 3079 1235 3140 ultimi·

235 3164 415 3243 intelligitur.
474 3163 580 3220 Gellius
611 3166 718 3239 aliquot
760 3167 839 3228 „uilis
863 3180 890 3219 et
918 3158 1056 3221 humanus
1084 3164 1237 3245 ingrelltffl

237 3228 378 3326 practdrea
400 3249 469 3303 loeis
491 3250 657 3304 celeritatem
681 3255 719 3305 vi·
760 3250 914 3325 opponitur
944 3250 1152 3322 „quiritando.·‘
1192 3246 1238 3303 sie

237 3331 397 3408 vaciffimam
420 3335 503 3392 dicit.
535 3349 567 3387 ut
595 3347 717 3401 15.22.
760 3337 889 3412 Rurgerl.
909 3336 974 3389 Ver.
992 3332 1056 3393 lect.
1079 3354 1107 3407 p.
1126 3342 1186 3407 234
1207 3332 1238 3386 in

237 3421 347 3480 „Cerva
373 3446 411 3460 -
432 3416 606 3494 vivaciffimae
627 3418 720 3495 celeri·
760 3433 872 3474 anctore
893 3417 968 3475 Dial.
984 3418 1019 3473 de
1033 3436 1106 3472 corr.
1121 3416 1193 3491 eloq.
1215 3435 1237 3470 c.

238 3503 340 3564 „tutis⁴‘
372 3518 400 3557 et
425 3521 461 3575 9,
485 3512 504 3573 4
528 3501 720 3578 „rit-'nciffiurae
763 3519 811 3576 29,
828 3518 844 3555 2
860 3522 912 3574 pro
928 3518 956 3556 ot
968 3504 1088 3558 libertati
1103 3501 1195 3557 scribit
1210 3514 1239 3555 ut

238 3586 455 3658 ..pemicitatis·‘
492 3588 568 3640 Sicut
583 3602 608 3638 et
626 3592 721 3660 Appu-
761 3591 900 3642 vuuctmu·
918 3606 954 3640 ex
972 3601 1066 3640 vetere
1081 3586 1171 3647 libro,
1192 3583 1241 3639 ubi

238 3668 284 3739 lej.
300 3668 604 3743 1³101·i‹t.p.Elm.3ti3.
620 3675 719 3725 vivaco
761 3664 936 3725 inueniebat:
959 3687 986 3724 et
1007 3671 1163 3730 hilaritati.
1183 3688 1238 3723 non

238 3772 317 3828 prro.
361 3755 457 3809 Simile
477 3755 546 3825 qnid
566 3757 599 3809 1„
618 3759 718 3810 Seneca
760 3756 859 3827 utique
875 3755 1030 3815 nuenario,
1048 3750 1262 3835 elegantertb'

239 3836 348 3892 Conlol.
384 3839 418 3892 ad
454 3840 587 3895 Marcium
623 3858 645 3892 c.
678 3837 717 3893 26
760 3859 834 3893 men.

163 3964 166 3969 .
238 3941 340 3994 „qum
362 3942 464 3999 magno
486 3938 515 3976 et
529 3940 612 3997 qnam
631 3927 719 3978 vivaci

238 4006 350 4067 „auimo
366 4008 540 4081 lcripliffem⁸⁶
559 4026 716 4081 qumquam
805 4005 922 4085 Utraque
938 4039 979 4054 -
997 4013 1076 4063 ratio.
1120 4007 1239 4084 Repetit.

235 4090 279 4146 ibi
298 4095 382 4145 vivaio
405 4092 542 4147 Cremutii
561 4092 648 4148 cordi
663 4095 718 4147 aui·
760 4090 836 4161 quod
865 4092 950 4148 modo
980 4093 1024 4165 (l
1056 4096 1101 4161 2.)
1135 4110 1241 4171 prmo·

236 4196 295 4231 mus
329 4175 417 4251 potest
450 4175 544 4231 rideri
577 4180 718 4253 oppolitnc
760 4190 846 4251 perat.

532 4310 545 4339 4
