2596 4710
158 281 206 369 εὖ·
398 277 454 347 Μ.
482 278 583 347 FAB.
610 271 925 373 QUINTILIANI

132 462 387 567 acceptoribus
408 464 574 540 tradere.
632 461 754 568 Quod
773 460 958 562 quidem,
987 482 1083 535 cum
1099 461 1165 552 iis,

138 668 141 679 .
158 609 181 657 a
201 582 348 681 quibus
372 578 664 655 clarissimarum
684 580 891 653 civitatum
914 599 1046 651 mores
1070 573 1166 651 sunt

157 694 347 783 instituti,
376 711 464 771 tum
489 691 797 769 eminentissimis
821 692 1071 780 auctoribuS,
1100 691 1165 767 vi·

158 812 236 891 deo
252 806 447 912 placuisse.
494 812 593 885 Non
609 807 664 882 est
682 825 815 882 tamen
830 805 1165 895 dissimulandum,

160 924 235 1002 eise
264 927 503 1013 nonnullos,
541 926 614 1021 qui
648 925 697 998 ab
730 924 809 999 hoc
840 934 967 1022 p'rope
996 921 1164 1021 publico

159 1067 273 1119 more
291 1043 446 1139 privata
467 1039 637 1140 quadam
659 1037 910 1139 persuasione
928 1033 1164 1113 dissentiant

160 1159 216 1233 Hi
241 1155 339 1233 duas
369 1158 582 1254 praecipue
617 1157 788 1230 rationes
815 1152 927 1253 sequi
950 1151 1164 1228 videntur:

161 1297 307 1360 unam,
337 1270 449 1370 quod
478 1269 658 1345 moribus
688 1271 813 1369 magis
843 1267 1074 1359 consulant,
1098 1265 1168 1343 fu-

161 1387 312 1487 giendo
333 1387 490 1462 turbam
514 1386 729 1460 hominum
751 1393 837 1479 ejus
868 1385 1023 1472 aetatis,
1062 1407 1168 1484 quae

162 1501 210 1576 sit
229 1501 280 1575 ad
295 1503 395 1575 vitia
418 1502 588 1574 maxime
612 1525 759 1599 prona3
789 1499 900 1574 unde
927 1496 1056 1575 causas
1079 1504 1169 1599 tut·-

162 1619 278 1717 pium
312 1614 509 1693 factorum
542 1613 654 1714 saepe
685 1611 847 1688 extitisse
881 1615 1037 1689 utinam
1066 1610 1167 1707 falsu

163 1737 388 1826 jactaretur:
432 1730 613 1818 alteram,
641 1729 771 1827 quod,
799 1730 980 1829 quisquis
1004 1726 1168 1807 futurus

163 1844 220 1920 est
254 1847 323 1920 ille
355 1861 607 1946 praeceptor,
649 1845 853 1920 liberalius
885 1861 1064 1944 tempora
1092 1840 1169 1920 sua

149 1947 418 2061 impensurus
441 1963 517 2035 uni
540 1959 723 2048 videtur,
760 1985 882 2059 quam
908 1957 936 2033 si
961 1959 1100 2035 eadem
1122 1960 1168 2034 in

8 2156 11 2163 ,
70 2126 72 2133 .
137 2076 298 2177 aplures
320 2079 523 2176 partiatur.
582 2077 697 2150 Prior
719 2074 830 2151 causa
847 2072 1007 2175 prorsus
1026 2076 1166 2176 gravia
1176 2091 1214 2152 25

162 2189 300 2268 namsi·
321 2188 462 2266 studiis
477 2188 644 2289 quidem
661 2189 811 2267 scholas
828 2188 1018 2291 prodesse,
1043 2192 1189 2267 mori--

162 2307 239 2381 bus
256 2322 390 2381 autem
407 2330 570 2393 nocere,
598 2302 809 2394 constaret,
837 2308 973 2405 potior
991 2305 1096 2382 mihi
1107 2330 1169 2381 ra·

163 2422 222 2496 tio
240 2412 408 2496 vivendi
425 2418 607 2509 honeste,
639 2447 761 2522 quam
780 2422 846 2496 vel
866 2423 1016 2520 optime
1031 2421 1169 2496 dicen·

151 2535 229 2638 di,
266 2535 481 2611 videretur.
560 2535 637 2610 Sed
664 2562 753 2612 mea
782 2535 948 2637 quidem
976 2534 1168 2611 sententia

163 2656 298 2746 juncta
319 2648 397 2735 isra,
416 2660 533 2752 atque
547 2650 756 2726 indiscreta
774 2650 875 2727 sunt.
908 2677 1041 2753 neque
1057 2639 1169 2729 enirn

80 2775 83 2779 ’
166 2761 241 2840 effe
260 2780 476 2855 oratorem,
499 2764 573 2841 uisi
589 2766 744 2843 bonum
758 2770 914 2856 virum,
942 2766 1099 2862 judic03
1129 2783 1169 2844 et

166 2877 275 2970 fieri,
303 2882 422 2957 etiam
442 2878 471 2954 si
490 2877 632 2980 posset,
660 2884 769 2958 nolo.
808 2883 858 2957 de
880 2884 952 2957 hac
975 2908 1017 2958 re
1043 2885 1169 2982 igitur

138 2998 289 3096 aprius.
349 2998 567 3096 Corrumpi
597 3024 737 3075 mores>
755 2999 800 3073 in
826 2997 970 3074 scholis
1002 3013 1168 3097 putant:

164 3136 258 3186 nam
296 3126 336 3184 et
375 3129 692 3213 corrumpuntur
726 3116 909 3189 interim:
953 3110 1022 3188 sed
1055 3113 1171 3190 domi

227 3310 309 3363 etiam
325 3306 354 3385 fi
373 3306 470 3387 poffee.
512 3309 589 3368 Voss.
609 3324 638 3377 5.
665 3308 751 3366 Goth.
771 3313 844 3378 (tac.
862 3311 958 3376 Gesn.)
975 3325 1003 3365 et
1020 3308 1115 3366 Guals.
1132 3315 1170 3366 'ut

165 3405 194 3446 ιι
209 3405 281 3447 vett.
296 3391 358 3447 edd.
376 3391 474 3470 potest.
517 3396 585 3453 Non
601 3394 681 3448 male.
712 3395 815 3450 Badius
829 3395 947 3469 primur.
969 3412 1108 3467 quantum
1126 3395 1169 3450 vi·

165 3475 236 3536 deo,
258 3475 364 3554 poffm
392 3479 443 3533 nili
457 3478 534 3552 quod
551 3478 625 3534 Gibs.
644 3480 678 3534 de
695 3481 829 3535 varietata
844 3494 929 3540 tacet,
952 3499 1017 3534 cum
1032 3479 1175 3554 receperit,-

164 3557 268 3636 poffee.
290 3575 324 3616 ut
338 3562 480 3636 suspicaris
498 3565 528 3618 in
543 3562 674 3619 omnibus
690 3565 745 3639 suia
759 3583 822 3618 eum
839 3563 1061 3630 inveniff211003
1089 3563 1168 3640 quod
1217 3604 1220 3609 ,

164 3642 259 3699 saltem
276 3644 311 3700 de
328 3644 430 3701 Aldina
444 3649 519 3703 serua
537 3648 582 3703 est.

200 3810 316 3868 videtur.
354 3812 476 3869 Attende
493 3816 646 3889 proprietn·
687 3829 751 3879 tun
779 3813 864 3890 paulo
890 3831 954 3871 ante
983 3812 1168 3892 (consulant)

42 3952 45 3957 ,
164 3906 221 3948 tem
245 3894 398 3971 loquendi3
428 3897 491 3958 hic,
514 3897 563 3953 ubi
585 3919 645 3954 mo-
686 3902 875 3972 conjunctivo,
883 3922 947 3956 cum
963 3922 998 3956 ex
1014 3900 1190 3959 mentam.

161 3994 289 4035 meatum
317 3980 379 4035 talia
401 3983 563 4060 argumenti
586 3986 644 4060 ipse
686 3985 865 4042 sentientium
881 3985 1054 4062 loquetetur,

162 4065 284 4141 agnoseit
305 4067 377 4141 Qu..
406 4064 562 4123 indicativo
590 4069 644 4129 uri·
858 4078 860 4084 '
