2596 4710
342 265 464 337 msa.
491 265 632 337 omr.
659 256 976 345 PROOEMIUM
1114 296 1161 364 ις

161 483 201 534 ac
226 450 467 544 differentia,
508 457 716 546 omnibus,
746 463 819 559 qui
840 458 1064 546 sermonem
1089 492 1160 544 cu·

159 598 219 652 rae
237 573 402 658 habent,
430 571 547 647 debet
564 570 636 646 elle
655 579 890 653 communie.
952 581 1029 657 Sed
1056 608 1101 660 ea
1118 600 1211 674 et17

159 686 245 764 sciet
261 690 409 787 optime
427 703 465 761 et
482 689 696 786 eloquetur
707 707 862 768 orator:
896 696 968 792 qui
983 693 1013 768 fi
1026 695 1159 776 fuillet

158 805 363 903 aliquando
396 802 615 903 perfectus,
654 831 738 880 non
770 807 1159 909 aphilolophorum

158 917 460 996 lcholisvirautis
475 936 681 1019 praecepta
690 937 929 1018 peterentur.
964 950 1072 1001 nunc
1085 954 1157 1005 ne·

159 1034 244 1110 celle
261 1034 316 1109 est
342 1035 391 1107 ad
418 1061 486 1111 eos
510 1034 727 1132 aliquando
745 1053 923 1112 auctores
942 1065 1156 1131 recurrere,

158 1153 223 1250 qui
238 1148 445 1237 desertam,
475 1166 521 1235 ut
539 1150 644 1239 dixi,
673 1167 825 1250 partem
843 1155 1036 1229 oratoriae
1054 1159 1158 1246 artis,

156 1268 356 1343 meliorem
380 1264 627 1366 praesertim,
661 1285 977 1366 occupaverunt,
1010 1285 1049 1343 et
1073 1272 1175 1347 vel-.-

125 1384 214 1459 10uti
236 1380 416 1473 nostrum
438 1378 658 1480 reposcere:
698 1409 782 1456 non
805 1399 853 1458 ut
879 1410 953 1461 nos
991 1386 1158 1467 illorum

157 1514 307 1573 utamur
324 1498 520 1587 invenus,
552 1494 620 1570 sed
637 1512 683 1572 ut
701 1498 793 1574 illos
811 1500 948 1575 alienis
967 1499 1058 1577 usos
1082 1498 1158 1575 ello
1220 1540 1223 1549 ·

157 1611 369 1689 doceamus.
428 1613 485 1686 Sit
502 1613 626 1710 igitur
644 1629 777 1689 orator
802 1617 867 1688 vir
885 1616 992 1705 talis,
1022 1617 1201 1715 qualis-¹8

156 1752 240 1804 rere
258 1727 411 1828 sapiens
429 1726 617 1827 appellari
633 1727 761 1826 pollrt:
786 1757 860 1805 nec
873 1731 1054 1807 moribus
1066 1757 1158 1809 moa

157 1842 202 1920 tlo
221 1842 419 1944 perlectus
445 1846 562 1938 (nam
585 1842 630 1916 id
655 1869 743 1917 mea
764 1846 929 1941 quidem
948 1848 1155 1945 opinione,

156 1984 376 2059 quanquam
402 1957 476 2032 llnt
494 1960 566 2056 qui
589 1955 831 2047 dilleutiant‚
859 1957 946 2035 latis
963 1987 1046 2037 non
1069 1962 1154 2062 est)

156 2072 215 2149 led
233 2077 347 2149 etiam
365 2071 545 2161 scientia,
574 2089 611 2146 et
630 2075 741 2149 omni
768 2072 953 2149 facultate
979 2075 1153 2154 dicendi.

158 2191 281 2293 Qualis
308 2189 441 2262 adhuc
466 2185 621 2262 fortalle
645 2214 765 2265 nemo
789 2187 935 2265 fuerit:
975 2188 1043 2264 led
1066 2218 1199 2279 non19

156 2304 237 2381 ideo
262 2307 398 2379 minus
424 2304 542 2378 nobis
568 2303 617 2376 ad
640 2300 792 2379 sunum
810 2305 1057 2383 tendendum
1085 2305 1153 2396 est,

156 2421 255 2520 quod
283 2418 467 2495 fecerunt
499 2421 681 2519 plerique
714 2408 917 2511 ueterum,
956 2424 1046 2521 qui,
1080 2421 1152 2502 ‚effi

205 2636 242 2690 orl
258 2634 367 2711 summa
395 2634 555 2689 tendendum
580 2631 626 2710 est.
671 2632 717 2688 Ad
735 2631 867 2707 summam
892 2632 1068 2707 cadalaum
1087 2633 1152 2689 dare

106 2760 109 2789 ,
155 2729 255 2780 omues,
271 2725 318 2774 etfi
343 2741 357 2772 a
382 2719 589 2773 conferentibus
614 2717 738 2793 plerique
763 2737 819 2772 non
844 2733 1051 2781 memorantem
1074 2720 1109 2772 fic
1126 2734 1155 2773 et

156 2802 235 2859 ouetf.
255 2821 283 2859 ot
297 2804 383 2860 Goth.
402 2812 474 2874 (tac.
486 2807 540 2859 Ges
558 2808 589 2876 .)
604 2823 693 2876 neque
702 2819 832 2857 veterum
848 2802 910 2857 edd.
926 2817 1034 2877 praeter
1055 2801 1153 2858 alain.

106 2882 111 2933 Ι
155 2884 201 2941 ulta
222 2888 312 2943 aliter.
355 2892 496 2962 Frequens
524 2889 606 2941 etiam
634 2887 809 2961 Quintiliano
818 2887 956 2964 summm,
982 2885 1152 2949 substantivi,

106 3006 111 3071 Ι
155 2972 214 3034 utus,
239 2990 273 3028 ut
293 2977 423 3029 Prooem.
441 2974 470 3028 6.
513 2973 565 3028 Sed
584 2992 683 3047 operae
700 2973 824 3045 pretium
848 2991 907 3029 uon
926 2985 984 3029 erat
1001 2971 1078 3025 inre
1095 2987 1151 3027 tam

155 3050 203 3113 ltti
218 3059 410 3113 recentiorum
425 3059 618 3115 auctoritatem
628 3057 758 3114 deserere.

185 3255 263 3311 Num
286 3255 387 3333 neceffe
414 3252 453 3323 eft
472 3253 627 3330 aliquando·
661 3252 704 3311 bis
727 3256 765 3310 ita
792 3255 927 3330 posuiffe.
957 3256 1010 3311 v'm
1031 3254 1154 3310 adducor

151 3337 235 3393 llitor
261 3355 319 3394 tam
347 3343 465 3419 exiguo.
480 3338 628 3394 intervallo
662 3357 695 3396 ut
705 3344 823 3395 credam.

150 3440 283 3477 temnere
312 3425 366 3478 hoc
391 3427 535 3501 aliquando
553 3423 629 3496 quod

147 3508 224 3562 modo
242 3508 434 3583 comparebat:
466 3509 630 3583 ,uliquaado
705 3527 856 3583 quanquam
872 3505 942 3582 pstor.
987 3510 1154 3581 Coniuncti-
1201 3572 1205 3588 ³

147 3593 330 3667 „perseam”
382 3592 426 3647 lbi
444 3596 503 3647 saue
521 3594 632 3667 optimo
666 3611 736 3647 vum
756 3588 819 3665 post'
838 3613 989 3667 quanquam
1012 3596 1088 3669 saepe
1111 3597 1154 3649 io·

145 3680 174 3731 ot
190 3679 287 3738 seusu.
311 3696 364 3753 pro
384 3700 517 3754 unquam:
540 3677 632 3731 nostro
666 3676 843 3750 veniasapud
852 3677 991 3742 nostrum
1015 3682 1067 3732 vix
1081 3679 1156 3756 apud

143 3758 197 3819 loco
229 3782 283 3838 pro
307 3762 439 3837 subinde,
482 3763 633 3823 identidem,
667 3762 839 3816 Ciceronem.
885 3763 937 3817 Sed
966 3766 1043 3839 supra
1075 3765 1099 3832 p.
1125 3764 1153 3818 6.

140 3865 205 3921 qaae
238 3849 401 3927 fignificatio
424 3850 556 3920 sequioris
576 3849 635 3901 lane
668 3869 817 3923 quanquam
835 3845 917 3921 sunt,
939 3853 986 3902 etli
1013 3866 1040 3903 et
1063 3849 1105 3903 ibi
1125 3850 1154 3901 in

139 3933 295 4001 ellaeupia.
341 3934 375 3986 cf.
408 3932 534 4007 exempla
560 3931 632 4005 apud
667 3931 834 4003 quibusdam
872 3932 961 3986 codd.
985 3934 1063 4010 fimf
1106 3932 1154 3986 laic

136 4016 326 4073 Turteltinam
356 4039 384 4093 p.
404 4032 452 4084 75.
496 4022 528 4070 ln
552 4015 633 4070 libris
667 4034 763 4070 omnes
790 4031 906 4071 tuentur
927 4019 1152 4089 conjunctivum.

109 4104 115 4127 '
133 4103 205 4158 nihil
220 4100 340 4176 quidam
358 4103 483 4160 variatur
490 4123 499 4167 ς
522 4103 630 4177 sedQu.
665 4101 700 4155 cf.
716 4104 739 4163 l,
756 4115 785 4163 2,
803 4112 849 4174 aq.
871 4103 921 4163 lv,
939 4114 989 4171 52,
1003 4117 1032 4158 a.
1057 4116 1108 4156 cet.
