2596 4710
68 256 73 263 ¹
129 406 132 417 Ι
179 312 250 411 ²36
413 306 469 377 M:
494 308 596 376 rao.
621 306 933 401 oururunm

176 498 370 572 celeritate
398 493 588 594 augendi,
627 495 843 570 linearibus
868 494 948 569 illis
971 493 1175 593 probatio-

175 615 295 689 nibus
319 609 420 687 solvi
452 608 595 684 solere:
635 627 699 697 ut,
726 609 761 685 fi·
784 609 839 684 est
864 612 1012 685 oratori
1039 611 1176 709 (quod

163 731 380 829 proximus
414 723 696 800 demonstrabit
736 727 860 823 liber)
897 724 947 798 de
985 726 1174 805 omnibus

173 845 293 918 rebus
315 841 551 928 dicendum,
573 841 688 969 nullo
710 842 832 920 modo
854 839 935 915 fine
957 843 1175 940 geometria

98 970 103 983 '
173 955 247 1032 elle
265 955 375 1058 poffit
391 971 531 1033 orator.

144 1270 146 1275 ,
258 1190 322 1261 XI.
359 1186 549 1263 Dandum
584 1184 738 1283 aliquid
773 1183 968 1289 qomoedo
999 1212 1177 1297 quoque,

173 1288 272 1379 dum
311 1319 487 1390 eatenuS,
531 1328 607 1400 qua
642 1298 936 1400 pronunciandi
970 1273 1176 1376 scientiam

171 1418 286 1495 futur
290 1444 333 1492 us
347 1434 478 1493 orator
495 1416 693 1489 desiderat.
752 1416 851 1490 Non
867 1416 973 1488 euim
988 1441 1175 1514 puerum,

172 1558 293 1633 quem
317 1534 359 1606 in
380 1533 459 1615 hoo
479 1531 741 1617 instintione,
766 1545 834 1603 aut
849 1528 1042 1603 femineae
1062 1534 1175 1608 vocis

171 1651 341 1723 exilitate
377 1645 505 1745 frangi
541 1646 658 1731 volo,
692 1660 761 1718 aut
787 1643 962 1719 seniliter
991 1662 1170 1721 tremere.

79 1764 82 1775 '
145 1766 258 1836 2Nec
272 1762 367 1834 vitia
383 1763 578 1835 ebrietatis
597 1759 770 1859 effingat,
798 1786 871 1833 nec
887 1758 1022 1835 servili
1037 1763 1173 1837 verni·

169 1878 277 1951 litate
291 1877 512 1950 imbuatur:
542 1901 616 1948 uec
634 1877 796 1961 amone,
818 1878 1021 1963 avaritiae,
1039 1892 1170 1955 metus

170 1986 289 2066 discat
310 1986 513 2067 all'ectum:
543 2016 644 2088 quae
665 2016 797 2089 neque
819 1993 967 2066 oratori
987 1989 1079 2065 suut
1099 2016 1169 2067 ne·

170 2106 339 2194 cellaria,
367 2122 408 2179 et
423 2121 615 2192 mentem,
646 2108 856 2204 praecipue
877 2108 921 2179 in
943 2123 1065 2180 aetate
1087 2108 1169 2207 pri·

144 2247 237 2300 ema
251 2240 425 2296 teneram
442 2221 572 2295 adhuc
588 2236 626 2293 et
641 2220 801 2307 rudem,
823 2219 1017 2295 inficiunt.
1062 2225 1170 2297 Nam
1220 2318 1224 2326 1

166 2336 354 2435 frequens
369 2338 536 2411 imitatio
552 2334 685 2409 tranlit
698 2339 742 2409 in
757 2362 897 2412 mores.
958 2338 1024 2410 Ne
1039 2335 1168 2437 gestus

167 2452 332 2552 quidem
348 2454 477 2526 omnis
499 2476 542 2523 ac
561 2467 693 2525 motus
712 2477 732 2522 a
752 2451 953 2526 comoedis
970 2451 1168 2550 petendus

167 2565 232 2642 est.
291 2573 527 2670 Quanquam
555 2567 661 2638 enim
695 2582 913 2664 utrumque
944 2592 1088 2667 eorum
1116 2565 1168 2640 ad

164 2681 365 2782 quendam
380 2681 546 2756 modum
562 2679 752 2779 praestare
768 2679 884 2755 debet
899 2697 1049 2756 orator:
1075 2682 1167 2783 plu·
1186 2736 1196 2769 ,

163 2801 314 2873 rimum
349 2813 479 2870 tamen
520 2796 644 2868 aberit
675 2821 697 2867 a
727 2793 899 2883 scenico,
938 2821 1012 2870 nec
1043 2796 1166 2873 vultu

161 2938 241 3017 nee,
259 2938 382 2986 manu
410 2936 483 2984 nec
506 2908 801 2985 excursionibus
827 2914 986 2986 nimius.
1056 2914 1167 2986 Nam

162 3027 191 3101 fi
213 3054 292 3128 qua
314 3029 357 3100 in
379 3025 522 3101 hisare
540 3022 594 3098 est
614 3024 854 3114 dicentium,
883 3053 927 3100 ea
946 3029 1076 3126 prima
1092 3024 1165 3117 est,

514 3168 529 3205 ᾗ

223 3276 349 3350 augendi.
380 3272 473 3327 Gnell.
487 3272 621 3346 augentia.
663 3274 765 3327 Utrum
781 3275 911 3348 praestet,
934 3294 991 3329 non
1007 3275 1140 3332 dixerim.

222 3362 295 3414 doun.
337 3358 422 3413 Goth.
447 3362 516 3424 (rac.
532 3359 633 3428 Geso.)
651 3359 758 3412 omittit
779 3379 841 3413 cnm
859 3361 907 3413 luo
925 3360 999 3416 von.
1015 3377 1042 3414 2.
1087 3360 1163 3417 Perit

158 3460 249 3500 nmen
266 3463 320 3497 non
336 3462 420 3516 parra
437 3440 588 3518 elegantia·,
609 3442 672 3495 dum
685 3457 776 3496 autem
792 3443 828 3495 ost
841 3462 893 3516 pro
910 3446 1062 3499 ‹lurrtrtrodm

136 3552 140 3559 ·
204 3533 306 3584 nicatius.
330 3526 538 3584 Guell'.nimiis
560 3527 998 3581 eumomuibuefortallecidrl.
1028 3531 1080 3583 sed
1094 3548 1162 3585 vm

159 3613 196 3668 etl
208 3628 324 3686 recepta
341 3631 375 3664 ex
390 3610 581 3663 emendatione
596 3613 637 3663 ll
623 3612 687 3686 egil
846 3617 872 3665 in
888 3615 935 3666 Iris
965 3613 1057 3669 Guelf.
1073 3617 1161 3685 liujus.

159 3716 224 3752 eum
247 3696 374 3770 plurimis
392 3696 433 3750 Co
435 3694 479 3746 ld.
520 3694 813 3768 Prfaeero'receptam,
833 3695 876 3750 sed
895 3697 1028 3760 nudent,
1048 3700 1160 3779 ignom.

157 3781 248 3838 Aldus
262 3781 376 3834 ridetur
391 3777 490 3833 habere
503 3779 622 3853 primus.

171 3990 175 3997 '
200 3996 281 4052 prox.
297 4006 338 4020 -
355 3979 429 4034 liber.
459 3980 526 4052 cap.
545 3993 593 4032 21.
678 3978 774 4056 Friget
795 4000 877 4053 qnam
901 3962 1023 4036 maxime
1051 3981 1159 4056 aliquot

193 4064 268 4116 dum.
290 4061 350 4115 viel.
370 4077 427 4117 not.
445 4065 516 4119 Crit.
561 4118 565 4131 ¹
680 4064 768 4118 codd.
800 4068 931 4138 [criptura
959 4071 987 4121 in
1015 4066 1065 4123 hoc
1087 4069 1157 4125 loto.

200 4152 228 4202 in
240 4148 300 4202 hot?
330 4147 390 4202 ie.
413 4162 446 4201 ut
464 4149 635 4203 liat·orator.
681 4149 738 4203 Hoc
756 4152 925 4207 accrrlativm
942 4150 985 4207 ott
