2596 4710
93 386 97 393 Ι
139 314 230 403 ιιχ
472 284 809 362 ratrammo,

112 538 116 545 -
149 538 155 546 -
195 484 274 558 tius
300 476 479 557 conferat
503 496 581 556 tres
608 478 774 557 Codices
801 475 1062 554 Gibionianos
1089 457 1141 553 fiss·

146 656 152 665 ·
188 619 357 716 mulque
393 614 614 690 editionem
646 614 915 702 Andreanam,
975 611 1026 687 de
1057 639 1138 711 qua

192 748 420 851 supradixi.
479 749 526 825 Id
548 754 593 824 in
615 751 755 849 primis
777 750 879 822 male
900 773 964 823 me
982 746 1135 838 habuit,

141 905 143 909 ’
192 882 306 987 quod
329 909 527 983 nusquam
552 885 706 959 notavit
726 881 941 971 Gibsonus‚
976 884 1022 956 in
1046 886 1137 981 qui-

194 1020 267 1098 bus
292 1017 533 1122 potiffirnum
556 1020 654 1097 locis
684 1018 820 1095 mutili
848 1014 987 1106 etiem,
1031 1042 1134 1114 quos

185 1156 230 1229 in
254 1178 399 1254 genere
419 1179 506 1229 non
531 1148 605 1225 effe
628 1154 802 1252 integros
823 1154 1003 1240 monuit,
1037 1153 1133 1226 libri

188 1285 414 1364 Ioannensrs
436 1302 476 1361 et
499 1284 735 1361 Baliolcnfis.
794 1289 870 1360 Hic
892 1290 1054 1361 interim
1077 1305 1133 1362 te·

153 1408 158 1419 ’
187 1437 279 1498 neat
305 1422 449 1507 iactor,
484 1417 676 1495 Codicem
701 1420 983 1512 Bodleian-um,
1019 1429 1132 1515 cuius

58 1580 63 1589 ·
142 1594 145 1598 ·
188 1581 281 1631 cum
301 1554 631 1629 Almeloveniano
652 1569 691 1628 et
714 1555 919 1630 Turicensr
941 1555 1134 1656 infignem

143 1772 147 1778 ,
186 1687 539 1765 animadvertimus
555 1689 874 1777 convenientiam
899 1694 962 1787 (et
976 1688 1138 1799 fortaffe'.

185 1828 314 1918 major
338 1838 560 1923 appareret,
589 1818 618 1895 fi
643 1824 860 1897 accuratius
885 1820 976 1899 effet
998 1824 1133 1903 excus-

186 1955 293 2064 sus),
334 1954 520 2048 eandem,
566 1954 727 2029 testante
763 1955 957 2046 Gibsono,
1007 1985 1131 2058 quam

184 2094 335 2192 horum
362 2106 601 2194 utrumque,
640 2086 844 2169 ostendere
873 2092 1027 2171 librarii
1053 2097 1140 2173 im··

99 2238 101 2243 ’
156 2228 378 2329 ‘peritiam

129 2499 401 2601 Argentorati,
438 2522 487 2574 ex
516 2493 740 2575 recensione
771 2498 899 2605 Ulrioi
927 2498 1127 2577 Obrechti

102 2696 107 2701 .
183 2616 320 2726 ·169fl.'
350 2644 388 2733 4.
453 2634 696 2722 Obrechtus,
720 2724 724 2731 .
747 2650 794 2708 ut
821 2632 939 2736 supra
971 2639 1128 2728 monui,

182 2784 313 2844 morte
338 2784 550 2868 occupatus
577 2766 678 2856 fuit,
712 2792 795 2867 quo
815 2772 951 2847 minus
981 2795 1129 2872 „pecu-

184 2904 305 2992 „iiare
326 2905 539 2992 volumen,
576 2902 688 3002 quod
709 2918 821 2979 notas
842 2901 929 2981 suas
952 2920 993 2979 et
1017 2930 1131 3005 prae·

24 3110 30 3119 ,
97 3098 100 3103 .
181 3040 347 3140 „cipuos
369 3035 533 3139 insuper
549 3036 801 3116 eruditorum
818 3041 1003 3115 virorum
1020 3064 1131 3116 com·

183 3173 421 3265 ,murarios
437 3175 799 3273 complecteretur,“
812 3174 1015 3249 emitteret.
1046 3173 1129 3249 Ad·

175 3308 313 3385 hibuit
334 3309 400 3382 vir
421 3307 562 3383 doctus
586 3309 636 3383 ad
656 3307 955 3408 repurgandum
974 3323 1153 3415 textum·

183 3469 279 3544 opes
304 3439 578 3531 Gibsonianas,
617 3443 878 3538 Bodlejanum
903 3445 1128 3545 praecipue,

178 3594 226 3652 ut
261 3577 307 3650 in
340 3574 505 3676 epistola
544 3577 783 3653 dedicatoria
821 3578 871 3652 ad
903 3576 1128 3654 Gibsonum

179 3707 361 3798 testatur,
391 3709 602 3800 Codicem;
640 3708 709 3785 [ed
734 3726 774 3785 et
800 3714 980 3812 proprias
1012 3712 1127 3790 dotes

183 3838 299 3920 offert
328 3844 453 3934 liber,
499 3846 649 3945 quippe
677 3845 835 3922 Codicis
867 3851 950 3923 MS.
977 3849 1126 3925 biblio·

175 3977 316 4057 ‚thecae
335 3978 670 4083 Argentoratenfis
685 3974 895 4086 scripturas
920 3983 1122 4063 exhibens.
