2596 4710
64 350 69 379 ς
145 302 246 351 xxvt
477 265 847 353 rarnrrmo‘

145 492 269 568 quam
286 463 343 544 est
364 464 554 545 veriffima
568 466 741 545 Reinesri
757 473 994 563 coniectura,
1021 473 1146 570 agnoa'

144 602 286 680 [centis
320 599 524 683 consulem
558 605 855 709 Quintilianum
885 629 907 679 e
936 606 1143 681 Frontino.

144 741 336 817 Cetenam
361 734 667 838 frequentiffima
687 738 780 815 sunt
797 738 907 840 apud
927 742 1145 815 Gruterum

113 927 115 931 ‚
143 889 184 951 et
197 873 471 951 Muratorium
493 876 672 976 exempla
694 875 871 951 nominis
888 873 1008 969 huius
1029 875 1146 953 litera

141 1010 187 1087 C.
212 1009 388 1084 carentis.
446 1013 557 1112 Quae
579 1034 674 1086 cum
694 1008 877 1086 videatur
892 1010 1090 1085 recentior
1106 1021 1146 1082 et

6 1214 12 1222 .
141 1142 193 1219 ad
212 1142 601 1245 pronunciationem,
634 1142 753 1216 etiam
769 1155 958 1231 veterem,
991 1167 1144 1220 accom-

66 1326 69 1335 ·
139 1272 554 1376 modatiorsoriptura,
567 1275 707 1353 nullus
723 1273 866 1353 dubito
881 1278 982 1376 quin
999 1275 1143 1376 abipso

137 1410 330 1513 scriptore
353 1405 490 1485 nostro
509 1404 635 1484 fuerit
657 1406 851 1510 usurpata.
910 1414 968 1485 Ita
992 1425 1038 1486 ut
1056 1408 1145 1485 sen·

138 1549 258 1634 tiam,
285 1556 424 1620 movet
443 1564 510 1619 me
525 1538 729 1642 fingularis
745 1544 923 1621 hominis
946 1542 1084 1620 sanitae
1104 1558 1145 1619 et

137 1677 328 1756 sobrietas
352 1675 400 1751 ab
425 1676 540 1755 omui
559 1672 808 1755 affectatione
830 1704 951 1779 quam
971 1678 1143 1753 maxime

53 1826 57 1833 '
137 1812 401 1891 abhorrentis.
428 1886 431 1891 ,
457 1809 561 1886 Vide
583 1812 846 1915 mihi‘qualia
868 1815 1083 1916 praecipiat
1106 1840 1143 1903 ι.

138 1958 179 2038 6,
207 1959 275 2046 4ο.
307 1956 375 2047 ίμ.
407 1968 447 2038 2,
477 1964 516 2037 5,
547 1969 596 2023 ar
630 1963 691 2037 et,
718 1950 912 2049 quoniam
938 1946 1142 2025 versamur

58 2122 61 2127 ·
136 2084 183 2161 in
202 2082 508 2184 orthographiae
526 2084 702 2171 ratione,
734 2085 940 2184 inprimis
961 2109 997 2172 r,
1025 2103 1049 2178 7
1078 2084 1141 2159 in·

137 2215 250 2318 tegro
276 2220 413 2319 capite.
472 2218 514 2292 Si
537 2215 687 2318 duplex
706 2215 788 2293 fuit
813 2214 1014 2294 scribendi
1040 2241 1142 2307 mos,

137 2355 211 2452 qui
244 2353 314 2430 vel
344 2350 396 2429 ad
423 2365 591 2453 etymon
618 2366 660 2428 et
686 2349 993 2451 antiquiffimum
1021 2348 1141 2429 usum

136 2482 229 2562 eliet
252 2481 490 2587 compofitus
507 2501 547 2560 et
565 2482 822 2586 usurparetur
841 2488 887 2565 in
907 2483 1141 2565 solennibus

137 2620 350 2700 foederum
369 2621 612 2698 carminibus
631 2637 1070 2722 monumentorumque
1090 2621 1139 2696 ti·

137 2758 252 2846 tulis,
293 2758 363 2833 vel
382 2758 428 2833 in
451 2752 633 2833 sermone
657 2750 846 2832 familiari
868 2752 1142 2859 frequentare-

136 2907 224 2980 tur;
252 2890 333 2967 hoo
348 2888 529 2992 profecto
547 2887 602 2964 est
620 2886 713 2966 usus
732 2890 779 2965 in
798 2887 1006 2967 scribendo
1020 2891 1140 2967 etiam

136 3027 303 3103 nomine
324 3022 397 3102 suo
418 3027 476 3101 Μ.
501 3025 657 3101 Fabina
725 3024 873 3123 Neque
894 3041 997 3115 erat,
1025 3041 1139 3127 puto,

1 3218 3 3227 .
137 3159 251 3260 quod
264 3156 734 3257 nobilitatemquandam,
761 3161 990 3237 Lamiarum
1005 3182 1137 3237 aemu-

136 3296 237 3385 lam,
264 3297 310 3371 in
326 3294 510 3377 nominis
536 3291 713 3395 fignandi
735 3294 887 3369 ratione
905 3292 1139 3385 vindicaret,

136 3429 332 3528 quoniam
355 3433 440 3523 ejus
461 3431 522 3506 rei
548 3430 671 3530 gratia
695 3425 818 3503 hodie
838 3432 959 3503 etiam
980 3431 1025 3503 in
1046 3428 1141 3504 vul·

135 3564 296 3663 guribus
317 3563 469 3664 linguis
493 3560 764 3664 praeposterae
785 3578 825 3637 et
849 3534 1035 3639 horridae
1063 3588 1141 3641 no·

134 3699 297 3777 minum
307 3694 765 3797 icripmraeretirrentur,
792 3720 895 3794 quae
911 3695 1023 3773 eausa
1036 3701 1140 3799 quin

137 3831 246 3932 apud
267 3832 477 3936 Quinctios
502 3844 544 3907 et
560 3828 800 3938 Quinctilios
824 3831 996 3907 valuerit
1023 3834 1139 3933 equi·

33 4029 37 4033 .
137 3965 232 4043 dem
252 3990 338 4048 non
354 3980 594 4071 magnopere
611 3964 813 4069 repugnm
840 3962 909 4047 sed
925 3970 1139 4076 Quintilia-
